3250 5172
407 337 430 407 6
790 359 1056 410 rnnruumaru
1137 365 1144 376 ·

278 551 356 661 cirp‘
406 539 545 612 cenaria
562 537 790 613 advocatione
807 551 960 613 utuntur
976 540 1020 612 ad
1038 541 1250 612 innocentia
1265 565 1337 612 suae
1352 563 1448 612 com·

404 663 678 736 mandationem.
753 665 1017 762 Respondendi‚
1037 675 1040 680 '
1060 665 1255 738 altercandi
1295 664 1449 738 facultas

241 768 392 813 youreversa
838 791 845 804 .
962 791 969 804 .
1266 791 1274 804 .
1377 791 1385 804 .

240 828 311 921 ”⁰ss
314 812 392 930 hlli.
404 799 516 886 patet,
550 789 691 886 quando
722 814 789 864 neu
821 790 926 862 lrceat
960 789 1160 862 indefensos
1195 802 1231 862 et
1264 791 1449 864 maudutos

240 887 346 980 liband
406 917 550 989 omnino
582 915 754 989 damnari.
808 915 879 988 Sed
904 913 1115 988 Christianis
1142 915 1224 988 solis
1248 914 1342 988 nihil
1368 941 1449 1011 per-

242 998 343 1040 Μ
405 1042 564 1114 mittitur
580 1041 689 1138 loqui,
708 1040 801 1138 quod
819 1066 976 1114 caussam
993 1052 1133 1139 purget,
1147 1040 1241 1137 quod
1257 1041 1448 1114 veritatem

406 1166 585 1249 defendat,
616 1166 711 1262 quod
730 1165 889 1260 judicem
916 1190 987 1238 non
1009 1163 1117 1238 faciat
1139 1166 1327 1260 injustum.
1374 1163 1449 1237 Sed

243 1305 392 1355 AdNatuo·
405 1289 497 1366 illud
531 1293 644 1366 solum
680 1297 932 1388 exspectatur³,
964 1291 1059 1386 quod
1093 1291 1173 1364 odio
1207 1289 1350 1387 publico
1364 1299 1368 1314 '
1382 1315 1446 1363 ne·

403 1421 593 1493 cessarium
626 1429 692 1498 est,
724 1415 895 1490 confessio
924 1417 1089 1500 nominis,
1122 1440 1194 1488 non
1228 1415 1448 1488 examinatio

405 1545 586 1618 criminis:
613 1542 755 1640 quando
778 1543 807 1614 si
832 1541 877 1613 de
902 1541 1020 1637 aliquo
1045 1553 1194 1614 nocente
1224 1541 1447 1638 cognoscitis,

404 1693 476 1741 non
510 1669 631 1742 statim
667 1666 822 1740 confesso
852 1692 893 1738 eo
922 1689 1050 1738 nomen
1080 1664 1277 1752 homicida,
1308 1666 1365 1739 vel
1392 1693 1448 1740 sa-

406 1795 539 1892 crilegi,
568 1793 625 1866 vel
640 1794 778 1877 incesti,
795 1792 853 1864 vel
876 1791 1009 1888 publici
1034 1790 1146 1865 hostis
1163 1789 1220 1880 (ut
1245 1792 1290 1865 de
1315 1794 1447 1866 nostris

404 1919 530 2017 elogiis
546 1919 684 2015 loquar)
705 1919 863 1991 contenti
882 1919 959 1990 sitis
977 1917 1022 1990 ad
1038 1919 1356 2015 pronuntiandum,
1374 1921 1446 1992 nisi

405 2057 443 2119 et
455 2046 705 2142 consequentia
721 2045 884 2142 exigatis,
903 2044 1112 2140 qualitatem
1131 2043 1227 2129 facti,
1244 2071 1445 2132 numerum,

404 2174 533 2257 locum,
555 2171 713 2256 modum,
734 2182 885 2266 tempus,
913 2171 1076 2254 conscios,
1097 2171 1215 2242 socios.
1263 2171 1320 2244 De
1343 2174 1446 2245 nobis

404 2297 498 2371 nihil
527 2297 611 2378 tale,
639 2321 719 2370 cum
745 2320 845 2392 aeque
878 2295 1077 2391 extorqueri
1111 2305 1299 2391 oporteret,
1334 2297 1446 2392 quod-

405 2447 543 2518 cunque
572 2419 660 2494 falso
689 2424 857 2516 jactatur,
889 2430 974 2513 quot
1009 2420 1157 2515 quisque
1185 2423 1262 2514 jam
1297 2419 1446 2495 infanti-

405 2545 497 2618 cidia
516 2545 767 2643 degus.tasset⁴,
788 2553 875 2640 quot
895 2545 1029 2616 incesta
1055 2547 1351 2632 contenebrasset,
1381 2550 1445 2646 qui

404 2672 487 2756 coci,
509 2672 570 2768 qui
593 2696 695 2744 canes
716 2671 911 2742 affuissent.
961 2667 999 2741 Ο
1016 2682 1150 2766 quanta
1165 2671 1263 2744 illius
1284 2673 1445 2769 praesidis

404 2795 527 2894 gloria,
546 2796 575 2868 si
594 2797 742 2868 eruisset
764 2795 930 2890 aliquem,
953 2796 1014 2891 qui
1030 2808 1171 2868 centum
1193 2801 1269 2893 jam
1287 2799 1444 2874 infantes

404 2922 625 2995 comedisset!
676 2920 836 3016 Atquiu⁵
852 2920 1052 2993 invenimus
1069 2923 1336 3018 inquisitionem
1356 2951 1443 3021 quo·

404 3070 472 3142 que
506 3047 544 3117 in
577 3070 640 3118 nos
669 3041 898 3142 prohibitam.
950 3043 1090 3117 Plinius
1126 3047 1219 3118 enim
1258 3047 1444 3124 Secundus

403 3197 484 3244 cum
502 3171 718 3270 provinciam
732 3180 881 3268 regeret,
899 3168 1076 3242 damnatis
1093 3172 1303 3267 quibusdam
1323 3172 1445 3248 Chris-

403 3298 522 3383 tianis,
556 3295 765 3394 quibusdam
799 3293 912 3390 gradu
941 3293 1063 3390 pulsis,
1089 3295 1167 3390 ipsa
1200 3307 1321 3370 tamen
1349 3299 1445 3372 mul-

402 3571 736 3639 404.-ultercoudt‚-this
747 3587 897 3638 wasaspa-
946 3568 999 3622 abs
1022 3569 1090 3622 “for
1106 3570 1198 3640 giving
1213 3578 1338 3628 sentence
1347 3573 1373 3639 ;''
1400 3592 1445 3632 sec

402 3656 454 3711 cial
476 3657 547 3726 legal
568 3661 648 3724 term,
670 3656 778 3726 applied
799 3661 827 3709 to
850 3653 897 3708 the
946 3653 1247 3710 atthoendofthisch.
1259 3660 1445 3728 qualitatem-4

401 3743 655 3812 emas-questioning
670 3742 730 3796 that
743 3741 809 3796 took
822 3740 897 3809 place
946 3739 993 3793 the
1015 3742 1189 3811 aggravating
1211 3760 1242 3795 or
1266 3748 1446 3818 extenuating

401 3826 524 3880 between
550 3827 597 3882 the
626 3829 732 3896 parties.
761 3824 898 3895 generally
946 3826 1170 3892 circumstances3
1198 3832 1445 3888 numerum-the

401 3911 471 3966 after
482 3912 529 3966 the
540 3913 637 3967 formal
648 3911 781 3982 speeches.
812 3909 898 3978 Quin-
945 3911 1093 3982 frequency
1113 3913 1144 3966 of
1159 3913 1195 3966 its
1214 3916 1386 3971 commission
1405 3918 1445 3988 by

402 3996 644 4052 til.1.0.v1.4.1.
946 3995 993 4050 the
1015 3998 1136 4066 prisoner
1143 4016 1153 4063 3
1179 4003 1444 4060 muscus-accesso·

446 4079 767 4151 ”Empedoclem-“All
790 4084 851 4138 that
874 4085 897 4138 is
946 4083 1007 4136 ries.

401 4167 895 4238 waitcdfor,is‚''-elo9iia,seebefore,
993 4166 1003 4196 ⁴
1021 4167 1068 4220 Sea
1086 4167 1181 4234 below,
1200 4187 1222 4223 c.
1238 4174 1263 4225 8.
1298 4178 1443 4231 misaa—

400 4273 424 4308 c.
432 4272 450 4308 1.
469 4253 528 4308 The
536 4257 672 4309 titoluaon
680 4255 727 4309 the
736 4256 895 4312 indictment
944 4253 1063 4306 debecled
1073 4253 1126 4307 and
1138 4254 1254 4324 dmgged
1265 4257 1322 4312 into
1334 4259 1413 4330 light.

335 4374 338 4384 ·
400 4339 432 4394 of
454 4357 471 4394 a
497 4339 634 4396 Christian
660 4359 714 4396 was
742 4343 895 4398 sometimes
994 4337 1121 4406 “Atquin
1137 4342 1337 4412 —0rdina1ily
1373 4347 1442 4402 with

401 4429 495 4482 ‘bostis
509 4426 644 4496 publicus:
661 4426 819 4484 —Contcnti
836 4431 894 4484 sitia
943 4429 1096 4490 Tertullian
1106 4431 1149 4486 for
1161 4439 1242 4502 utqui,
1258 4428 1351 4486 καιτοὶ
1371 4439 1440 4493 ‘and

393 4511 450 4594 Ι(ειί
469 4511 593 4584 confess)
611 4517 646 4568 od
658 4516 893 4582 pronuntiandum,
942 4516 1005 4584 yet!
