3300 5180
507 371 622 420 uranu
649 369 953 422 ueouonnrrous.
1176 353 1247 422 123

209 546 265 620 vel
285 558 439 644 optatur,
458 559 522 623 aut
537 561 618 646 post
632 549 732 624 illam
755 561 915 648 speratur
937 559 974 624 et
996 549 1246 624 sustineturr?
1282 551 1390 662 xcpfp·

210 672 295 746 Non
329 676 425 747 enim
452 701 496 749 ea
522 687 643 750 mente
669 677 715 750 de
745 677 833 750 caria
861 675 1067 761 consulitur,
1101 701 1171 773 qua
1202 676 1247 752 de
1263 697 1405 706 “-

209 799 373 876 dominis.
424 801 551 876 Aliter
575 803 711 876 curiosa
738 815 793 878 est
820 803 1022 878 sollicitudo
1052 803 1246 902 sanguinis,

210 923 315 997 aliter
338 926 530 1000 servitutis.

283 1049 469 1124 XXXVI.
522 1050 562 1123 Si
590 1049 664 1124 hnc
695 1052 748 1124 ita
778 1060 873 1136 sunt,
903 1060 961 1124 ut·
975 1048 1095 1124 hostes
1122 1049 1245 1148 depre-
1260 1072 1359 1123 werre

209 1173 424 1262 hendautur,
457 1177 520 1274 qui
549 1173 708 1249 Romani
737 1177 962 1259 vocabantur,
994 1199 1055 1248 cur
1082 1199 1157 1260 nos,
1185 1133 1408 1272 quiidffilida

209 1300 327 1376 hostes
358 1303 615 1388 existimamur,
648 1302 803 1376 Romani
834 1305 1033 1400 negamur?
1066 1325 1138 1374 non
1169 1327 1247 1399 pos·
1258 1251 1401 1420 ffiffll

169 1413 173 1420 ⁸
209 1454 330 1502 sumus
364 1440 402 1502 et
430 1430 587 1502 Romani
614 1455 698 1514 esse,
724 1440 761 1502 et
789 1427 908 1502 hostes
942 1453 1013 1502 nou
1046 1453 1131 1513 esse,
1159 1425 1246 1502 ¹curu
1392 1405 1399 1418 ¹

209 1553 327 1628 hostes
346 1554 567 1650 reperiantur
586 1554 649 1651 qui
670 1552 829 1626 Romani
851 1551 1101 1626 habebantur?
1139 1551 1247 1627 Adeo

209 1678 323 1774 pietas
349 1688 387 1751 et
410 1676 535 1775 religio
565 1690 602 1751 et
626 1676 713 1750 fides
732 1678 1003 1774 imperatoribus
1028 1677 1150 1751 dedita
1174 1701 1244 1751 nou
1300 1753 1304 1762 ,

208 1804 247 1876 in
274 1801 479 1900 hujusmodi
502 1803 624 1876 officiis
649 1801 821 1888 consistit,
848 1803 976 1899 quibus
1001 1814 1039 1877 et
1068 1801 1245 1878 hostilitas

208 1924 339 2026 magis¹
365 1927 411 2001 ad
433 1928 673 2000 velamentum
697 1929 753 2000 sui
773 1937 891 2024 potest
917 1925 1032 2024 fungi,
1054 1927 1115 2000 sed
1137 1928 1177 2000 in
1200 1927 1245 2002 iia

208 2055 375 2139 moribus,
399 2055 529 2152 quibus
554 2051 705 2127 civilitas
732 2055 769 2126 in
794 2054 1039 2150 imperatorem
1065 2065 1138 2126 tarn
1165 2079 1246 2128 vere

208 2205 314 2278 quam
332 2181 424 2253 circa
443 2203 563 2252 omnes
581 2203 720 2252 necesse
746 2176 854 2252 habet
879 2176 1065 2252 exhiberi².
1116 2177 1246 2277 Neque

208 2307 304 2379 euim
335 2304 410 2378 haec
438 2329 543 2401 opera
571 2305 670 2377 bonae
700 2305 832 2376 mentis
865 2303 948 2376 solis
975 2305 1245 2401 imperatoribus

206 2431 381 2506 debentur
407 2457 427 2503 a
450 2431 561 2504 nobir.
608 2428 763 2501 Nullum
787 2430 919 2502 bonum
948 2431 1013 2502 sub
1039 2430 1245 2527 exceptione

206 2560 449 2656 personarum³
471 2554 770 2639 administramus,
794 2554 878 2651 quia
903 2555 1004 2626 nobis
1026 2565 1244 2651 praestamus,

208 2683 270 2779 qui
294 2707 366 2754 uon
392 2682 436 2754 ab
459 2679 603 2752 homine
628 2692 693 2752 aut
717 2678 845 2764 laudis,
872 2691 935 2752 aut
957 2681 1092 2776 praemii
1115 2706 1245 2778 expeu-

257 2901 277 2939 ³⁵
293 2906 461 2963 motionum
493 2902 548 2956 this
577 2903 650 2956 word
678 2903 701 2956 is
750 2903 783 2957 ad
802 2922 824 2958 c.
840 2902 896 2975 33.)
913 2907 1023 2959 cohiberi
1041 2914 1095 2960 tom
1112 2923 1176 2971 cere,
1194 2904 1244 2960 &c

205 2989 314 3058 exaetly
329 2988 484 3058 equivalent
499 2996 528 3042 to
545 2999 701 3056 expectatur,
750 3006 778 3042 so
798 2989 857 3044 that
880 3007 977 3046 nemeae
999 2993 1070 3045 tabet
1092 2992 1245 3046 mittetis

204 3075 257 3130 and
285 3074 361 3128 there
393 3075 417 3128 is
448 3091 483 3129 no
511 3073 645 3143 difficulty
672 3077 702 3129 in
750 3075 1094 3144 equivalenttoucccraorr‘o
1105 3080 1244 3143 moneor,

204 3163 308 3230 traeing
329 3159 376 3214 the
396 3166 469 3228 steps
489 3157 520 3212 of
538 3157 586 3212 the
605 3161 701 3214 transi-
750 3161 840 3216 which
856 3163 879 3215 is
898 3179 934 3216 no
954 3179 1021 3231 very
1039 3163 1118 3216 usual
1136 3163 1244 3232 phrase-

203 3249 269 3312 tion,
290 3245 395 3316 though
415 3245 462 3300 the
482 3245 654 3300 termination
675 3247 705 3300 of
749 3247 837 3316 ology.
871 3247 928 3301 But
947 3251 1035 3303 habere
1052 3247 1195 3302 elsewhere
1215 3249 1244 3303 in

203 3334 225 3388 it
236 3335 259 3388 is
271 3339 377 3402 strange
388 3337 417 3386 at
427 3331 486 3385 first
497 3331 577 3400 sight.
601 3332 701 3386 Minut.
751 3331 902 3387 Tertulliau
912 3333 962 3388 has
973 3333 1020 3388 the
1031 3351 1105 3389 sense
1114 3334 1145 3389 of
1152 3337 1244 3390 ridere.

205 3419 283 3474 Felix
299 3414 347 3488 (ad
358 3416 443 3488 extr.)
453 3417 512 3483 has,
527 3435 575 3471 nec
588 3420 701 3474 adnecto·-
750 3417 782 3471 de
799 3417 890 3473 Anim.
907 3437 930 3473 c.
948 3421 991 3474 35.
1018 3423 1109 3475 totiens
1128 3425 1244 3475 animum

203 3523 263 3559 mua
286 3511 442 3559 precantem
467 3521 594 3562 coronam,
618 3507 662 3558 sed
683 3523 700 3558 o
749 3507 863 3558 roceam
879 3507 974 3560 lohere.
999 3505 1033 3559 de
1050 3503 1122 3560 Hab.
1138 3505 1207 3560 Mul.
1219 3509 1244 3562 1.

204 3593 260 3646 Deo
275 3595 380 3647 eternis
389 3593 501 3660 floribus
517 3594 602 3644 vivom
621 3593 701 3644 unll-
749 3593 825 3645 etiam
840 3591 918 3658 filius
934 3593 987 3646 Dei
1007 3595 1074 3646 mori
1094 3595 1191 3660 hoholt,
1214 3609 1244 3648 as

204 3691 303 3732 nemus.
749 3691 789 3729 we
801 3674 898 3729 should
907 3693 963 3746 say,
973 3675 1171 3732 “hadtodie.''
1182 3679 1243 3733 adv.

255 3762 386 3817 XXXVI.
424 3760 434 3791 ¹
459 3764 552 3830 quous
573 3765 700 3817 hostilitas
749 3759 829 3814 Prax.
849 3765 875 3814 4.
909 3765 1014 3816 restitui
1031 3766 1118 3819 halent
1133 3769 1207 3833 patri
1225 3784 1243 3818 o

202 3852 305 3916 noym
323 3848 370 3902 the
387 3848 513 3915 meaning
529 3847 566 3901 ia:
590 3849 700 3902 ‘notin
739 3847 806 3915 filio.
853 3847 1008 3902 Lactantius
1032 3849 1067 3903 D.
1092 3849 1114 3904 Ι.
1138 3867 1176 3905 rr.
1200 3853 1243 3904 30.

203 3933 291 3988 dutics
309 3934 340 3987 of
358 3933 419 3988 that
438 3933 507 3988 kind
527 3932 617 3987 which
635 3951 700 4004 may
747 3935 833 4000 s'peom
840 3935 994 4000 prodiciam
1004 3937 1071 4002 quod
1081 3938 1187 3991 imeres
1197 3939 1243 3990 ho·

202 4018 258 4072 also
275 4019 308 4072 be
324 4020 475 4088 performed
492 4019 530 4088 by
540 4036 575 4072 an
593 4035 698 4088 enemy,
746 4021 836 4074 berem
848 4022 964 4074 mutue.

202 4105 255 4157 aud
269 4122 343 4158 more
357 4105 462 4174 strictly
476 4105 528 4160 and
544 4103 699 4173 sedulously
798 4102 809 4134 ³
824 4107 872 4158 suh
892 4109 1033 4173 neptune
1051 4125 1242 4176 persorrorumr

202 4195 247 4243 too
268 4187 378 4260 (mayn)
397 4195 426 4244 to
449 4189 556 4245 conceal
578 4189 621 4244 his
643 4188 699 4244 real
748 4189 822 4242 “We
830 4191 863 4244 do
872 4207 942 4244 none
950 4191 1242 4262 ofourgoodactawith

201 4276 359 4329 sentimenta
371 4270 419 4344 (od
432 4280 601 4332 oelrmcrrtum
612 4275 678 4344 sui.)
746 4291 800 4344 any
822 4278 964 4345 exception
986 4279 1017 4332 of
1040 4297 1148 4348 persons
1168 4279 1240 4333 from

252 4359 263 4391 ¹
288 4360 348 4414 The
377 4364 557 4416 construction
585 4363 627 4416 is:
664 4365 697 4414 iis
746 4361 817 4414 their
840 4362 964 4431 objeots.”
999 4364 1059 4418 The
1075 4368 1122 4418 sub
1138 4365 1161 4417 is
1184 4365 1241 4418 like

201 4451 321 4512 moribus,
350 4449 442 4515 quihus
465 4442 496 4514 (i.
508 4465 531 4502 c.
555 4452 696 4503 mudum
746 4446 805 4500 that
821 4447 849 4500 in
864 4447 911 4501 the
926 4449 1036 4518 phrases
1053 4453 1100 4503 sub
1118 4452 1176 4518 lcqc,
1192 4453 1240 4504 auh

199 4533 274 4606 quoe)
296 4535 405 4587 civilitas
430 4549 525 4587 neceam
548 4536 618 4588 lohet
639 4529 696 4603 (see
746 4535 895 4598 conditione,
914 4527 964 4588 &c
