3300 5180
412 359 481 426 104
787 371 1050 423 rnnrunnmnr

280 578 367 686 {qq}
409 557 599 654 pontifices,
616 567 652 630 et
671 555 770 629 Medi
790 567 874 629 ante
892 554 1201 652 qnindeeemviros‚
1219 564 1255 627 et
1272 555 1431 652 AEgyptii

254 673 492 768 ,--—'-ante
519 682 641 766 Salios,
667 692 704 756 et
727 680 870 776 Assyrii
895 691 977 753 ante
1003 678 1193 776 Lupercos,
1216 689 1254 752 et
1278 677 1432 752 Amano-

409 833 470 880 nes
494 819 576 880 ante
598 807 750 904 virgines
772 805 947 879 Vestales.
999 804 1184 877 Postremo
1206 805 1236 876 si
1262 804 1432 876 Romanae

409 933 594 1029 religiones
623 957 732 1030 regna
759 942 937 1029 praetant,
969 955 1148 1026 nunquam
1179 941 1272 1002 retro
1304 929 1331 1004 J
1332 930 1432 1002 udaea

409 1069 586 1153 regnasset
609 1057 805 1154 despectrix
830 1056 1067 1128 communium
1093 1055 1239 1128 istarum
1264 1054 1432 1127 divinita-

409 1187 514 1266 tum⁶‚
543 1186 642 1279 cujus
669 1193 705 1256 et
733 1181 837 1255 deum
864 1181 1026 1265 victimis,
1056 1191 1092 1252 et
1120 1179 1292 1277 templum
1318 1179 1431 1268 donis,

409 1317 445 1380 et
468 1318 610 1402 gentem
634 1308 819 1381 foederibus
842 1306 1060 1403 aliquamdiu
1086 1304 1244 1378 Romani
1267 1304 1432 1386 honoras-

409 1433 480 1519 tis⁷‚
507 1457 687 1530 nunquam
716 1433 929 1506 dominaturi
956 1435 1043 1528 ejus,
1071 1432 1100 1503 si
1124 1455 1194 1503 non
1219 1431 1346 1504 ultimo
1371 1431 1433 1504 de-

408 1558 568 1655 liquisset
592 1561 630 1630 in
654 1557 848 1632 Christum.

252 1687 365 1746 1²i⁸0³³r
480 1681 661 1754 XXVII.
724 1682 818 1756 Satis
859 1681 934 1756 haeo
975 1683 1137 1756 adversus
1179 1683 1430 1754 intentionem¹

249 1746 305 1794 thou
321 1747 370 1796 hta

249 1763 367 1865 ¹⁰⁰⁰⁸g¹²³20
407 1807 496 1879 loesae
528 1806 735 1892 divinitatis,
768 1832 836 1904 quo
868 1832 939 1879 non
970 1807 1151 1880 videamur
1184 1805 1310 1879 laedere
1342 1832 1430 1892 eam,

249 1863 312 1912 what

248 1924 511 2033 zffioldffiquam
539 1931 756 2005 ostendimus
784 1957 854 2005 non
890 1957 973 2006 esse.
1029 1931 1148 2028 Igitur
1178 1933 1354 2029 provocati
1386 1932 1432 2006 ad

248 2040 368 2100 ΜΨ·
408 2059 670 2132 sacrificandum
696 2060 923 2132 obstruimur
948 2057 1096 2156 gradum
1120 2084 1182 2156 pro
1208 2058 1276 2132 fide
1303 2059 1432 2132 oonsei-

407 2185 511 2257 entiae
538 2195 674 2269 nostra,
704 2210 773 2281 qua
800 2186 886 2256 certi
915 2209 1045 2269 snmus,
1072 2184 1117 2256 ad
1146 2209 1232 2281 quos
1256 2185 1326 2258 ista
1352 2210 1431 2282 per-

406 2310 551 2381 veniant
576 2309 688 2383 officia
716 2312 781 2383 sub
806 2311 1000 2405 imaginum
1026 2311 1276 2406 prostitutione
1302 2323 1339 2384 et
1363 2309 1430 2384 hu·

406 2459 586 2507 manorum
624 2437 806 2508 nominum
846 2437 1111 2509 consecratione.
1178 2434 1248 2508 Sed
1286 2437 1429 2532 quidam

405 2560 617 2634 dementiam
643 2562 858 2645 existimant,
885 2559 980 2658 quod
1003 2587 1082 2634 oum
1106 2562 1289 2658 possimus³
1314 2573 1351 2635 et
1377 2588 1430 2634 sa-

454 2796 591 2853 ‘marom
610 2802 783 2866 ἀὲπίπίεαπππ,
799 2817 843 2854 sae
858 2801 892 2854 ad
940 2800 988 2854 xii.
1000 2804 1024 2854 1.
1040 2801 1149 2854 rendere
1162 2798 1302 2876 ἐπέβαλεν
1312 2803 1350 2872 hy
1360 2807 1432 2860 matt

403 2901 425 2936 c.
448 2885 491 2938 23.
519 2883 561 2938 for
584 2884 632 2938 the
654 2886 806 2954 expression
828 2889 892 2939 diot-
940 2895 1055 2948 Herodes
1082 2912 1128 2948 ran
1155 2914 1259 2951 manua.
1304 2897 1361 2952 But
1389 2915 1430 2952 we

402 2972 480 3024 nitas.
939 2977 1007 3033 hare
1025 2984 1122 3034 crimen
1137 2984 1283 3037 ambitionis
1293 2985 1430 3049 intendere,

450 3052 613 3124 ⁷Josephus
630 3055 848 3111 Ant.Jnd.x1v.
868 3075 890 3110 o.
939 3063 1054 3119 deHab.
1069 3065 1139 3119 Mul.
1152 3083 1175 3120 o.
1189 3070 1214 3121 4.
1249 3068 1284 3122 In
1296 3067 1430 3124 Arnobins

404 3143 444 3205 16,
456 3140 551 3195 relates
564 3141 611 3197 the
614 3143 705 3210 foedns
715 3142 835 3196 between
845 3141 892 3197 the
940 3154 1069 3206 intendere
1088 3150 1162 3205 often
1180 3169 1271 3207 means
1290 3155 1342 3208 “to
1364 3171 1430 3224 urge

401 3224 475 3280 Jews
499 3227 552 3281 and
581 3227 705 3294 Romans,
728 3229 780 3282 and
808 3247 830 3282 e.
859 3228 892 3288 17
940 3235 1334 3306 inargument,''withasense
1346 3257 1430 3294 some-

401 3312 495 3366 recites
516 3311 563 3366 the
586 3313 676 3368 deame
701 3314 733 3368 of
751 3315 782 3368 C.
805 3315 892 3369 Caesar
940 3321 1018 3391 thing
1046 3323 1102 3376 like
1130 3327 1240 3392 oq'toara
1263 3325 1316 3380 and
1343 3343 1372 3380 oo
1399 3327 1429 3380 in

401 3398 559 3467 concerning
571 3398 618 3452 the
633 3400 781 3470 privileges,
792 3402 891 3454 immu-
940 3407 1094 3463 lactantius
1121 3405 1185 3479 (Ep.
1213 3409 1247 3464 D.
1276 3411 1298 3464 1.
1322 3429 1345 3464 o.
1371 3411 1429 3484 46.)

401 3481 488 3550 nities,
500 3483 553 3537 and
563 3483 680 3539 honours
693 3486 725 3540 of
732 3486 778 3541 the
789 3485 891 3541 Jewish
939 3497 1098 3550 intentabant
1112 3502 1198 3550 annm
1214 3514 1263 3564 pro
1279 3501 1386 3552 mimine
1402 3501 1433 3551 id·

400 3567 499 3621 nation
939 3582 1032 3645 ipsam,
1051 3579 1101 3634 &a

450 3658 568 3715 XXVII.
602 3660 812 3726 ¹intantionnn;
844 3683 890 3719 an-
989 3661 1169 3719 'obstruimns
1182 3669 1302 3735 yrodnm,
1320 3669 1368 3721 i.e.
1388 3687 1429 3722 wa

400 3743 478 3797 other
488 3747 596 3815 reading
607 3750 679 3817 gives
690 3753 889 3816 interemtionem
938 3747 1004 3800 offer
1020 3750 1176 3817 opposition.
1210 3751 1257 3804 See
1274 3752 1308 3805 ad
1325 3771 1347 3806 c.
1360 3758 1384 3807 1.

400 3829 465 3882 both
483 3829 546 3885 here
563 3834 616 3886 and
633 3835 662 3887 in
679 3853 702 3888 o.
716 3838 760 3900 46,
776 3836 829 3888 and
843 3835 889 3888 tho
988 3837 1081 3910 ⁸qnod
1093 3861 1152 3896 enm
1163 3848 1299 3911 pmnmas,
1313 3843 1363 3898 &a
1375 3847 1393 3900 i.
1405 3865 1428 3901 e.

399 3913 594 3983 frequentative
611 3920 675 3974 verb
691 3919 739 3973 has
756 3920 890 3975 doubtless
938 3925 1027 3980 “that
1049 3927 1166 3982 whereas
1188 3947 1229 3983 we
1251 3929 1338 4000 might
1363 3932 1428 3986 both

398 3999 889 4076 frequentlyasenseofthreatening.
937 4012 1052 4066 sacrifiea
1075 4019 1102 4067 to
1122 4031 1192 4082 your
1214 4015 1287 4083 gods,
1306 4017 1359 4070 and
1381 4023 1428 4086 yet

399 4086 461 4140 Itis
474 4087 551 4141 twioe
562 4090 627 4142 used
640 4091 678 4160 by
689 4091 784 4160 virgil,
795 4092 857 4145 AEn.
869 4110 888 4146 1.
936 4098 1022 4150 retain
1040 4099 1173 4168 privately
1192 4118 1243 4154 our
1261 4119 1323 4154 own
1342 4103 1427 4171 opini-

398 4174 440 4226 91.
457 4190 493 4226 vr.
507 4171 566 4232 572.
604 4173 756 4230 Lactantius
775 4173 829 4245 (de.
848 4178 886 4232 M.
935 4198 983 4236 ons
1001 4179 1183 4257 (ρπορππίιππι)
1206 4204 1247 4240 wa
1266 4188 1355 4256 prefer
1373 4188 1428 4242 this

398 4257 428 4312 P.
441 4256 481 4330 ὅ.)
493 4256 541 4312 has
551 4263 644 4326 impios
654 4279 749 4316 manas
759 4267 788 4315 in
800 4266 887 4318 Deam
936 4267 1065 4322 obstinata
1076 4270 1214 4326 oonduet.''
1230 4275 1364 4328 ohntnatio
1372 4291 1427 4328 was

397 4347 533 4399 intentavit
539 4362 553 4405 ;
570 4344 613 4398 for
626 4344 715 4400 which
730 4347 825 4416 phrase
839 4350 886 4404 tha
934 4368 951 4405 a
973 4353 1054 4406 crime
1080 4353 1234 4426 frequently
1256 4357 1370 4428 charged
1398 4365 1425 4413 to

397 4428 512 4499 Vulgate
540 4449 600 4485 uses
628 4436 759 4488 mundare
793 4454 886 4490 manns
934 4438 980 4491 the
996 4437 1150 4496 Christiana
1185 4443 1232 4497 Soa
1246 4443 1315 4498 Plin.
1330 4445 1380 4514 Ep.
1396 4463 1424 4499 x.

397 4518 426 4566 ἐπ
448 4519 563 4584 aliquem,
584 4517 635 4572 and
658 4518 687 4572 in
711 4517 769 4575 Aa.
793 4520 884 4591 Apost.
934 4523 975 4583 97.
1008 4525 1158 4584 Tertullian
1179 4547 1246 4599 says,
1265 4531 1299 4584 ad
1319 4531 1382 4586 Nat.
1406 4547 1423 4585 1.
