3306 5176
428 331 476 398 30
813 351 1077 402 reoruuurnur

303 539 379 648 013?
428 527 612 601 ostendam
638 530 766 626 partim
796 531 833 603 in
857 543 988 628 aperto,
1012 534 1141 630 partim
1169 532 1379 614 inocculto,
1405 557 1467 628 per

262 723 403 782 urgeswru
428 653 522 750 quod
561 653 708 728 forsitan
745 665 782 730 et
820 657 864 730 de
898 659 998 731 nobis
1033 659 1242 732 credidistis.
1303 658 1466 732 Infantes
1499 688 1505 700 ·

262 780 396 886 {waler
425 803 532 874 penes
550 777 713 854 Africam
737 779 896 854 Saturno
917 783 1191 856 immolabantur
1214 783 1331 880 palam
1355 809 1465 881 usque

261 899 472 1015 {gfflgffivfflad
500 903 785 1003 proconsulatum
814 905 963 992 Tiberii,
995 909 1057 1005 qui
1081 909 1174 1005 ipsos
1200 908 1396 982 sacerdotes
1425 911 1463 981 in

424 1027 555 1100 eisdem
580 1029 761 1102 arboribus
782 1031 908 1128 templi
937 1033 992 1104 sui
1016 1032 1332 1105 obumbratricibus
1358 1033 1464 1106 scele-

423 1177 500 1224 rum
529 1155 657 1226 votivis
687 1156 847 1228 crucibus
873 1158 1046 1253 exposuit,
1072 1165 1162 1230 teste
1185 1157 1315 1231 militia
1340 1160 1462 1255 patriae

422 1288 561 1363 uostrae,
588 1305 664 1376 quae
690 1281 730 1353 id
753 1282 869 1378 ipsum
892 1307 1023 1354 munus
1045 1283 1100 1354 illi
1121 1283 1320 1379 proconsuli
1341 1283 1463 1358 functa

422 1413 487 1476 est.
540 1402 611 1477 Sed
635 1414 671 1478 et
691 1407 844 1478 nuncin
867 1406 1004 1480 occulto
1021 1420 1218 1504 perseverat
1240 1405 1306 1480 hoc
1326 1433 1461 1482 sacrum

423 1529 570 1604 facinus.
621 1529 708 1604 Non
729 1531 794 1606 soli
819 1557 880 1605 vos
906 1544 1141 1605 contemnunt
1165 1529 1374 1618 Christiani,
1398 1559 1463 1608 nec

422 1656 537 1729 ullum
571 1657 683 1730 scelus
713 1659 753 1730 in
777 1669 988 1757 perpetuum
1015 1657 1224 1744 eradicatur,
1259 1670 1322 1732 aut
1349 1685 1461 1733 mores

422 1807 502 1856 suos
521 1783 631 1880 aliqui
655 1784 742 1858 deus
761 1795 890 1858 mutat.
942 1783 1036 1858 Cum
1058 1786 1207 1883 propriis
1228 1785 1312 1859 filiis
1339 1784 1461 1858 Satur-

421 1933 489 1980 nus
518 1933 589 1981 nou
619 1911 786 2006 pepercit,
820 1911 997 1982 extraneis
1030 1911 1155 2007 utique
1184 1935 1256 1982 non
1286 1910 1460 2006 parcendo

420 2031 693 2132 perseverabat¹‚
729 2060 815 2133 quos
847 2036 990 2132 quidem
1023 2036 1092 2132 ipsi
1124 2045 1288 2131 parentes
1320 2037 1376 2110 sui
1411 2035 1461 2108 of-

415 2161 591 2246 ferebant,
630 2173 667 2237 et
701 2161 854 2237 libentes
891 2161 1159 2259 respondebant,
1196 2171 1233 2236 et
1262 2161 1460 2235 infantibus

419 2289 704 2376 blandiebantur,
738 2315 783 2362 ne
815 2290 1039 2362 lacrimantes
1074 2288 1353 2364 immolarentur.
1406 2288 1459 2360 Et

420 2424 541 2488 tamen
587 2415 742 2489 multum
796 2414 986 2488 homicidio
1035 2414 1281 2510 parricidium²
1327 2414 1458 2487 differt.

420 2539 542 2636 Major
569 2553 652 2616 aetas
678 2542 773 2640 apud
806 2542 932 2616 Gallos
970 2540 1152 2615 Mercurio
1186 2542 1457 2640 prosecabatur³.

418 2662 586 2741 Remitto
618 2667 788 2742 Tauricas
822 2668 958 2742 fabulas
989 2666 1138 2741 theatris
1166 2671 1249 2742 suis.
1303 2655 1395 2741 Ecce
1419 2669 1457 2740 in

417 2789 481 2863 illa
514 2791 778 2891 religiosissima
820 2795 907 2866 urbe
945 2793 1183 2867 AEneadarum
1226 2796 1365 2892 piorum
1404 2806 1457 2868 est

416 2915 563 3014 Jupiter
582 2917 754 3014 quidam⁴‚
777 2943 882 3014 quem
898 2919 994 2991 ludis
1017 2919 1089 2992 suis
1111 2918 1266 2993 humano
1285 2921 1456 3018 proluunt

468 3131 519 3185 IX.
553 3130 646 3186 1Non
657 3134 786 3200 parcendo
797 3149 912 3199 perseve-
960 3137 1000 3186 rat
1009 3127 1157 3204 (diabolus)
1168 3135 1284 3186 maum-
1284 3133 1386 3200 faceret
1393 3150 1457 3200 por-

415 3221 490 3272 rabat
497 3236 511 3280 ;
540 3219 559 3272 i.
581 3237 604 3273 e.
627 3223 657 3273 s'n
680 3237 733 3272 uon
752 3220 912 3286 parcendo-
960 3221 1079 3272 rtoidum.
1332 3271 1335 3276 .

415 3303 455 3358 As
465 3305 501 3358 he
511 3305 565 3360 had
576 3306 710 3360 sacrificari
718 3305 761 3360 his
772 3322 833 3359 own
844 3305 912 3360 chil-
1008 3301 1019 3333 ³
1035 3305 1081 3374 By
1089 3307 1173 3374 uroybr
1185 3311 1252 3358 cetos
1268 3303 1283 3358 1
1297 3303 1456 3360 shouldun·

414 3391 481 3446 dren
498 3392 533 3445 he
550 3393 688 3461 naturally
700 3389 814 3462 (utique)
827 3393 910 3446 conti-
959 3391 1083 3444 deretand
1094 3407 1173 3455 senes,
1188 3407 1231 3444 sco
1244 3389 1339 3444 below.
1370 3407 1457 3457 prose-

413 3478 486 3530 nued
496 3478 543 3532 the
554 3481 670 3547 practice
684 3479 752 3532 with
763 3479 861 3544 others,
870 3497 910 3533 es-
959 3481 1015 3530 cari
1026 3478 1049 3530 is
1060 3493 1110 3530 one
1122 3475 1153 3529 of
1161 3475 1220 3529 that
1231 3493 1378 3532 numerous
1390 3476 1456 3534 class

414 3563 530 3632 pecially
541 3563 621 3618 when
635 3582 664 3618 so
675 3565 800 3633 liberally
810 3563 910 3618 offered
958 3562 989 3616 of
993 3562 1079 3616 words
1087 3561 1206 3630 peculiar
1214 3570 1242 3615 to
1254 3561 1391 3616 sacrificial
1403 3561 1456 3615 and

335 3691 338 3696 .
394 3653 442 3701 ·to
453 3647 520 3702 him.
956 3647 1073 3716 augurnl
1095 3647 1197 3712 details,
1220 3648 1282 3713 and,
1304 3647 1456 3714 ¹lilrern'rost

462 3738 473 3772 ¹
490 3737 687 3812 [parricidium.
705 3743 722 3794 i.
732 3741 910 3794 abherosum
959 3733 1034 3799 such,
1046 3733 1077 3787 of
1091 3733 1136 3788 old
1153 3733 1213 3788 date
1229 3734 1282 3787 and
1301 3751 1391 3804 usage.
1428 3734 1455 3786 It

412 3843 524 3881 suorum
547 3828 636 3882 cedes.
658 3827 707 3881 Sic.
727 3826 785 3880 Lis.
806 3845 846 3880 111.
866 3831 901 3880 50
957 3819 1021 3873 here
1037 3837 1130 3874 means
1140 3819 1257 3889 ρθὶΠὶΡῙΥ,
1277 3822 1363 3873 ‘were
1377 3821 1455 3876 sacri·

414 3912 521 3968 ‘orabat
536 3931 570 3966 ne
584 3931 611 3966 se
627 3919 659 3966 nt
672 3913 832 3981 parricidam
843 3913 908 3966 libe·
956 3905 1041 3960 ficed'
1062 3905 1454 3974 Itoocursagainc.23and46.

412 4015 505 4051 rorum
525 4004 717 4063 aversarentur,
738 4001 765 4050 et
786 4015 845 4050 vrrr.
865 4002 907 4052 11.
1007 3991 1017 4022 ⁴
1034 3989 1174 4064 [Latiaris.
1188 3991 1229 4046 Cf.
1242 3991 1362 4045 Macrob.
1371 3992 1424 4046 Sat.
1435 4007 1453 4044 r.

410 4085 585 4152 parricidium
607 4085 666 4138 filii.
689 4084 738 4154 Α.]
783 4083 816 4137 So
838 4085 906 4139 Min,
957 4083 998 4133 10.
1006 4097 1031 4133 v.
1044 4078 1143 4147 Porph.
1156 4103 1186 4136 π.
1201 4100 1293 4156 αποχ.
1305 4095 1348 4146 ap.
1356 4077 1454 4132 Euseb.

412 4169 468 4223 Fel.
476 4189 499 4223 c.
507 4173 531 4224 9.
540 4173 714 4238 parricidium
718 4171 827 4236 faciunt
835 4177 907 4226 autc-
956 4173 1006 4225 Ev.
1023 4191 1041 4225 1.
1057 4174 1098 4225 16.
1139 4172 1210 4226 Just.
1224 4172 1305 4225 Mart.
1322 4170 1375 4240 Ap.
1390 4173 1415 4224 2.
1427 4188 1453 4238 p.

408 4259 607 4324 quampurc'unt.
630 4255 785 4310 Lactantius
795 4253 859 4326 (Ep.
871 4258 905 4312 D.
955 4260 998 4310 32.
1011 4257 1052 4310 ed.
1065 4257 1119 4310 Ox.
1138 4257 1236 4312 Euscb.
1245 4258 1277 4312 de
1287 4257 1352 4311 laud
1363 4257 1454 4310 Const.

411 4343 434 4396 I.
446 4361 468 4396 c.
481 4340 537 4413 28,)
550 4360 611 4396 uses
624 4345 786 4410 parricidam
797 4343 839 4397 for
843 4345 906 4411 sru-
955 4345 1051 4407 13,16.
1081 4342 1356 4412 TertulScorpcd.
1386 4344 1453 4396 Pru·

409 4431 547 4487 laddum
570 4435 601 4482 ut
618 4431 648 4482 de
665 4430 764 4482 duobus
780 4433 905 4498 primoye-
954 4429 1025 4482 dent.
1047 4429 1065 4482 l.
1085 4431 1110 4481 2.
1144 4430 1265 4485 Lactant.
1287 4446 1305 4484 1.
1328 4434 1370 4484 21.
1400 4425 1453 4500 Α.]

413 4518 477 4569 uitia
485 4517 628 4569 bominibus
639 4517 748 4570 alterum
760 4519 905 4584 cestioque·
955 4517 1005 4569 Illo
1018 4515 1070 4568 ond
1084 4519 1189 4582 piorum
1201 4535 1245 4570 are
1257 4518 1286 4570 in
1298 4516 1413 4572 allusion
1424 4522 1452 4568 to
