3306 5176
376 335 425 409 72
757 334 1021 400 acarnanum

251 545 329 651 {2¹}
378 530 514 628 aliquid
535 532 685 628 propriae
709 532 991 629 presumptionis
1015 528 1216 615 abscondat,
1241 529 1298 603 vel
1324 531 1410 626 quia

219 638 362 701 --’-
377 668 503 755 praeter
516 660 683 742 atatem³,
696 681 811 754 neque
822 656 867 730 de
878 657 992 730 victus
1005 655 1280 752 exceptionibus,
1293 679 1408 751 neque

377 782 422 856 de
444 781 742 856 sollemnitatibus
765 781 914 866 dierum,
930 807 1046 880 neque
1066 781 1111 854 de
1133 782 1209 878 ipro
1229 781 1408 879 signaculo

371 908 537 1004 eorporis,
563 933 677 1005 neque
706 906 751 982 de
778 909 951 983 consortio
976 909 1129 981 nominis
1162 931 1242 980 cum
1273 905 1409 979 Judaeis

377 1031 526 1127 agimus,
544 1031 638 1128 quod
658 1032 783 1128 utique
805 1043 993 1129 oporteret,
1013 1032 1043 1104 si
1062 1030 1176 1104 eidem
1193 1030 1260 1104 deo
1277 1030 1410 1103 manci-

375 1160 573 1253 paremur?
643 1155 714 1230 Sed
753 1167 791 1230 et
828 1157 956 1255 vulgus
984 1160 1060 1254 jam
1103 1157 1171 1229 scit
1212 1152 1409 1238 Christum,

376 1279 555 1356 hominem
578 1283 703 1380 utique
725 1282 890 1380 aliquem,
916 1282 1055 1380 qualem
1083 1281 1203 1355 Judaei
1229 1280 1410 1377 judicave-

265 1412 267 1416 ’
376 1417 472 1493 runt,
500 1433 569 1506 quo
598 1408 737 1482 facilius
765 1411 843 1506 quis
873 1434 936 1483 nos
967 1407 1122 1482 homini·
1154 1407 1319 1482 cultores*
1350 1431 1410 1479 ex·
1472 1438 1474 1442 ·

376 1533 599 1607 istimaverit.
663 1533 801 1607 Verum
831 1559 946 1632 neque
984 1534 1029 1608 de
1062 1532 1204 1608 Christo
1238 1532 1409 1606 erubesci·

375 1679 467 1742 mus,
492 1681 602 1752 quum
627 1659 691 1730 sub
713 1659 857 1731 nomine
883 1661 959 1754 eJ‘us
985 1657 1166 1755 deputari⁵
1191 1667 1228 1730 et
1248 1655 1408 1729 damnari

372 1782 485 1874 juvat,
512 1806 626 1877 nequa
654 1781 699 1854 de
727 1781 793 1856 deo
817 1780 921 1856 aliter
950 1783 1204 1880 praesumimus.
1255 1779 1408 1854 Necesse

376 1916 431 1978 est
452 1907 564 2004 igitur
583 1906 866 2003 pauaa'dicamus
883 1881 930 1980 de
946 1907 1086 1981 Christo
1104 1917 1146 1982 ut
1165 1905 1256 1980 deo⁶.
1308 1905 1406 1976 Tan-

330 2012 331 2015 *
376 2040 454 2103 tum
474 2029 613 2104 Judaeis
633 2040 708 2104 erat
726 2031 821 2127 apud
844 2031 950 2104 deum
972 2032 1098 2128 gratia,
1114 2032 1178 2105 ubi
1201 2041 1237 2104 et
1258 2029 1407 2128 insignis

370 2155 515 2250 justitia
544 2166 581 2229 et
610 2155 697 2230 fides
726 2155 953 2252 originalium
985 2165 1181 2241 auctorum,
1208 2154 1304 2229 unde
1332 2154 1407 2226 illis

369 2292 413 2384 et
433 2283 572 2380 generis
591 2282 802 2381 magnitudo
819 2293 856 2356 et
876 2283 978 2381 regni
998 2282 1198 2356 sublimitas
1218 2282 1350 2368 floruit,
1370 2293 1407 2356 et

375 2418 477 2480 tanta
502 2407 663 2493 felicitas,
685 2419 727 2481 ut
752 2407 810 2480 dei
834 2408 987 2491 vocibus,
1009 2409 1137 2504 quibus
1160 2407 1405 2492 edocebantur,

374 2530 419 2604 de
445 2533 673 2629 promerendo
701 2532 779 2618 deo,
806 2543 843 2606 et
866 2557 937 2605 non
968 2531 1187 2616 offendendo,
1213 2555 1406 2629 praemone-

374 2667 506 2728 rentur.
555 2657 626 2731 Sed
647 2669 780 2754 quanta
798 2656 1026 2753 deliquerint,
1046 2655 1176 2729 fiducia
1193 2667 1335 2753 patrum
1352 2657 1405 2728 in-

373 2781 462 2865 flati,
487 2780 697 2855 derivantes⁷
723 2807 744 2854 a
770 2779 957 2878 disciplina
979 2779 1228 2877 inprofanum
1249 2781 1405 2865 modum,

372 2907 441 2980 etsi
466 2907 534 3004 ipsi
559 2931 630 2979 non
656 2907 916 2994 confiterentur,
940 2907 1103 3004 probaret
1128 2907 1246 2980 exitus
1268 2905 1407 2981 hodier-

372 3199 866 3272 timaoqullienus(rr.n.269)wbo,
914 3202 962 3256 the
972 3201 1112 3258 forbidden
1121 3201 1204 3257 fooda
1234 3205 1259 3257 3.
1277 3201 1406 3270 holidays.

374 3286 412 3356 by
432 3289 566 3358 assigning
584 3289 686 3344 certain
705 3289 782 3344 landa
802 3294 831 3343 to
851 3307 868 3343 a
914 3293 941 3343 4.
966 3292 1130 3358 rignomlum
1144 3291 1258 3357 corporia
1277 3285 1406 3358 (baptism

371 3375 560 3444 congregation
586 3374 617 3429 of
641 3374 799 3441 Christiana,
825 3392 866 3428 re-
915 3376 1012 3429 inono
1027 3391 1094 3440 case,
1109 3373 1163 3428 and
1178 3374 1361 3432 circumcision
1375 3373 1405 3426 in

371 3460 498 3528 cognired
519 3459 567 3514 the
589 3460 659 3530 legal
681 3461 816 3516 existence
838 3461 870 3515 of
914 3459 1071 3531 theothar).
1095 3463 1121 3514 ὀ.
1131 3458 1179 3513 the
1190 3476 1277 3513 name.

371 3543 419 3597 tha
437 3547 603 3614 corporation
616 3546 705 3601 which
723 3547 803 3602 could
816 3553 865 3602 not
963 3545 1100 3601 ‘hominia
1128 3547 1243 3610 mltorea
1273 3544 1404 3615 emphati-

370 3628 511 3685 otherwise
519 3631 587 3686 have
598 3633 731 3701 possessed
740 3649 864 3688 common
910 3631 991 3700 cally,
1002 3632 1020 3685 i.
1029 3649 1051 3686 a.
1063 3630 1116 3685 and
1126 3635 1174 3685 not
1185 3629 1216 3685 of
1224 3638 1244 3684 a'
1251 3631 1332 3685 beast.

333 3761 336 3766 .
369 3721 504 3785 property.
540 3718 587 3772 See
602 3734 619 3772 a
632 3718 740 3775 learned
753 3718 864 3788 chapter
962 3716 1404 3785 ⁶dapotors,sc.tnpoeoam,urde

367 3799 782 3876 ofNeander‚Ch.Hist.§1.2.
912 3802 1004 3858 Habit
1027 3803 1097 3858 Mul.
1112 3821 1135 3858 c.
1155 3807 1180 3856 1.
1217 3821 1298 3871 paam
1320 3804 1405 3857 intro-

420 3885 480 3940 'l'hs
488 3887 566 3941 other
573 3887 669 3958 charge
677 3889 738 3944 that
749 3888 861 3944 Christi·
910 3887 991 3943 duces
1001 3905 1017 3943 a
1028 3889 1107 3958 proci
1114 3888 1146 3943 of
1155 3887 1202 3943 the
1212 3887 1272 3953 fact
1278 3889 1403 3956 asserted,

366 3973 444 4042 anity
466 3989 521 4026 was
541 3979 590 4027 not
612 3991 629 4028 a
651 3977 756 4044 religion
775 3974 861 4029 buta
909 3974 1015 4029 nottha
1026 3976 1093 4030 time
1104 3976 1178 4030 olits
1189 3992 1364 4042 occurrence3
1381 3977 1404 4031 it

365 4067 428 4124 sect,
444 4057 494 4112 has
510 4064 559 4112 not
577 4060 686 4129 escaped
706 4059 753 4114 the
773 4061 860 4116 notice
908 4060 1021 4127 hainae,
1032 4069 1080 4116 not
1090 4065 1169 4118 when.

368 4143 399 4199 of
407 4143 521 4198 Gibbon.
538 4142 598 4198 Vol.
607 4162 636 4198 11.
648 4162 675 4213 p.
685 4147 743 4198 161.
752 4145 792 4198 ed.
801 4149 860 4200 8vo.
960 4145 971 4176 ⁰
993 4146 1022 4200 lf
1040 4146 1088 4200 the
1110 4153 1171 4202 text
1193 4148 1217 4202 is
1239 4147 1333 4214 mund,
1355 4146 1403 4201 the

419 4226 532 4298 apracter
542 4236 662 4291 emtam
676 4231 729 4283 “in
742 4229 862 4285 addition
908 4238 1006 4288 constr.
1027 4232 1157 4302 probably
1175 4234 1213 4288 is:
1243 4235 1330 4288 Tanto
1347 4239 1404 4287 erat

367 4322 396 4370 to
408 4315 455 4371 tha
466 4315 607 4370 differenoa
620 4316 649 4370 in
665 4316 858 4386 antiquity.’'-
904 4315 1402 4392 pratia...(abt...ondafloratt)ettantu

369 4401 434 4456 Five
456 4402 545 4472 points
568 4400 600 4456 of
619 4401 790 4473 discrepancy
812 4422 857 4460 are
900 4408 1318 4473 sarcum...otproemonereorar.

366 4489 528 4554 mentioned,
552 4492 576 4544 1.
594 4488 640 4544 the
657 4489 800 4559 antiquity.
832 4495 857 4545 2.
957 4489 968 4522 ⁷
985 4493 1136 4558 derivantes,
1147 4509 1191 4546 see
1202 4510 1224 4546 c.
1236 4494 1260 4545 6.
