3306 5176
400 365 445 428 lt
782 367 1049 432 raurunrmur

272 589 349 639 car.
398 564 470 636 suis
492 574 747 659 nuncupantur
767 563 961 648 Platonici,
980 564 1164 660 Epicurei,
1184 559 1435 658 Pythagorici?

238 649 384 726 ‘Q-
397 687 506 759 etiam
531 712 551 758 a
570 686 656 760 loci
678 687 1002 761 conventiculorum
1025 699 1062 760 et
1079 687 1273 759 stationum
1294 709 1435 756 suarum

399 809 521 895 Stoici,
548 809 786 886 Academici?
825 825 932 908 atque
967 810 1094 884 medici
1130 812 1174 884 ab
1206 811 1436 893 Erasistrato,

398 948 435 1010 et
450 938 674 1035 grammatici
691 938 736 1012 ab
752 936 978 1024 Aristarcho,
994 939 1067 1011 coci
1085 937 1195 1010 etiam
1213 937 1257 1009 ab
1273 933 1435 1031 Apicio?

398 1057 479 1133 Nec
501 1073 621 1134 tamen
652 1087 866 1160 quemquam
892 1062 1044 1136 offendit
1076 1061 1243 1161 professio
1270 1062 1436 1146 nominis,

399 1211 479 1259 cum
507 1187 735 1262 institutione
755 1191 961 1263 transmissa
983 1191 1028 1262 ab
1052 1190 1271 1262 institutore.
1321 1186 1437 1260 Plane

399 1313 429 1384 si
460 1315 522 1409 qui
552 1315 677 1411 probet
706 1315 837 1388 malam
872 1327 1002 1388 sectam
1038 1325 1075 1388 et
1106 1316 1159 1388 ita
1190 1313 1323 1387 malum
1357 1338 1439 1384 auc·

400 1451 524 1525 torem,
556 1441 586 1514 ia
610 1442 773 1539 probabit
801 1452 838 1514 et
865 1467 994 1515 nomen
1024 1441 1159 1514 malum
1183 1439 1331 1536 dignum
1358 1439 1439 1512 odio

399 1565 444 1638 de
473 1575 575 1639 reatu
602 1578 704 1642 sectae
735 1583 772 1640 et
806 1569 969 1641 auctoris.
1019 1565 1176 1663 Ideoque
1206 1578 1290 1638 ante
1316 1564 1438 1638 odium

399 1693 553 1764 nominis
583 1696 819 1790 competebat⁸
856 1696 954 1792 prius
983 1694 1027 1768 de
1055 1705 1197 1766 auctore
1227 1689 1357 1765 sectam
1386 1716 1440 1764 re-

400 1841 616 1914 cognoscere,
643 1817 700 1889 vel
722 1819 968 1891 auctoremde
994 1829 1100 1891 secta.
1152 1815 1212 1890 At
1234 1842 1330 1890 nunc
1352 1817 1441 1889 utri·

400 1966 512 2038 usque
547 1942 779 2037 inquisitione
818 1953 855 2014 et
893 1944 1076 2040 agnitione
1110 1942 1273 2039 neglecta
1310 1965 1438 2014 nomen

400 2068 594 2151 detinetur,
621 2091 751 2140 nomen
781 2080 1018 2166 expugnatur,
1045 2081 1082 2142 et
1107 2071 1268 2167 ignotam
1298 2079 1440 2151 sectam,

401 2195 566 2291 ignotum
602 2205 639 2266 et
670 2207 848 2268 auctorem
883 2221 951 2268 vox
987 2196 1060 2269 sola
1092 2197 1321 2293 praedamnat,
1358 2195 1442 2292 quia

400 2320 641 2407 nominantur,
668 2345 739 2392 non
766 2321 850 2414 quia
873 2321 1113 2393 revincuntur.

242 2449 381 2497 1wi1¹11⁰w
479 2442 551 2514 IV.
600 2445 725 2542 Atque
746 2445 833 2518 adeo
851 2447 951 2542 quasi
966 2445 1133 2543 praefatus
1156 2444 1230 2518 haec
1246 2445 1292 2518 ad
1309 2444 1442 2543 suggil-

240 2509 370 2556 refuteand

241 2576 381 2686 {mdiv
401 2568 545 2642 landam
573 2570 645 2642 odii
669 2597 752 2667 erga
778 2596 841 2643 nos
868 2570 1004 2667 publici
1030 2572 1270 2666 iniquitatem,
1296 2575 1371 2667 jam
1398 2571 1443 2646 de

241 2686 285 2733 bnt
295 2689 343 2733 first
352 2685 385 2734 let

240 2743 384 2792 „semine
403 2719 525 2768 caussa
548 2695 760 2768 innocentiae
781 2697 969 2770 consistam
978 2691 1000 2781 ¹,
1023 2721 1089 2769 nec
1105 2705 1247 2769 tantum
1269 2695 1441 2782 refutabo,

148 2907 152 2918 .
240 2803 481 2918 lliffissssgquae
508 2822 609 2893 nobis
642 2822 870 2917 objiciuntur,
899 2821 960 2894 sed
994 2823 1103 2894 etiam
1137 2824 1174 2894 in
1209 2823 1302 2919 ipsos
1334 2835 1443 2896 retor-

241 2921 321 2970 whose
331 2937 374 2970 mr-
613 2948 620 2961 ·
1170 2965 1172 2970 ,
1367 2950 1375 2964 .

241 2979 386 3040 noaino,
403 2947 527 3044 quebo,
563 2972 624 3044 qur
658 2948 854 3042 obJrcrunt3
890 2958 933 3020 ut
971 2973 1015 3019 ex
1052 2945 1117 3020 hoc
1153 2973 1293 3046 quoquc
1329 2961 1443 3022 sciant

240 3054 368 3204 iiiiii*
403 3099 525 3146 omnes
559 3074 597 3146 in
635 3072 846 3146 Christianis
889 3099 960 3146 non
997 3100 1070 3147 esse
1106 3100 1183 3170 quae
1220 3076 1258 3147 in
1297 3101 1333 3148 se
1371 3099 1442 3148 non

307 3173 336 3205 nc
349 3173 376 3204 u·

242 3215 360 3322 323„oe
402 3201 568 3274 nesciunt
589 3226 673 3286 esse,
697 3199 804 3273 simul
826 3201 882 3273 uti
907 3201 1114 3274 erubescant
1138 3212 1351 3285 accusantes,
1371 3226 1443 3273 non

242 3333 373 3451 peepeqqui
404 3326 483 3399 dico
506 3325 650 3422 pessimi
669 3326 832 3423 optimos,
858 3324 920 3397 sed
938 3327 1027 3421 jam,
1050 3336 1093 3398 ut
1112 3325 1245 3429 volant,
1267 3351 1444 3424 compares

400 3461 496 3525 suos.
548 3441 860 3548 Respondebimus
892 3450 937 3523 ad
965 3449 1118 3548 singula,
1144 3477 1221 3547 quae
1243 3452 1282 3522 in
1307 3451 1444 3524 occulto

404 3577 593 3650 admittere
630 3577 792 3662 dicimur,
829 3603 907 3674 quae
941 3576 1022 3650 illos
1059 3576 1177 3673 palam
1213 3576 1445 3654 admittentes

404 3703 616 3788 invenimus,
651 3705 688 3774 in
725 3703 853 3800 quibus
886 3702 1033 3786 scelesti,
1061 3703 1252 3801 inquibus
1280 3705 1375 3790 vani,
1406 3705 1444 3775 in

458 3868 651 3936 “tampeuoot
671 3869 725 3922 “It
736 3886 791 3922 was
801 3868 900 3936 fitting,
947 3905 949 3912 ,
1003 3867 1051 3920 IV.
1093 3866 1358 3923 ¹Conairtcre-to
1382 3868 1447 3922 take

405 3955 495 4010 before
506 3954 600 4022 hating
612 3954 659 4007 the
674 3972 763 4020 name,
774 3963 803 4007 to
818 3953 901 4022 apply
951 3971 988 4022 up
1004 3971 1021 4007 a
1034 3954 1158 4022 position,
1173 3953 1216 4010 for
1232 3954 1348 4020 defenoe‚
1367 3972 1389 4008 c.
1403 3957 1446 4008 46.

405 4041 452 4095 the
470 4047 523 4094 test
541 4039 676 4092 either·of
691 4039 738 4094 the
756 4039 902 4093 Founder’s
950 4044 1122 4106 constitimus,
1145 4045 1244 4108 opinor,
1275 4039 1335 4106 δια,
1362 4057 1446 4094 sorne-

402 4127 542 4181 charaoter
560 4133 588 4179 to
606 4125 653 4178 the
671 4133 734 4191 sect,
750 4143 781 4178 or
799 4125 859 4178 that
873 4125 905 4180 of
950 4125 1030 4195 thing
1051 4127 1108 4180 like
1133 4133 1203 4180 atara
1228 4144 1278 4194 pro
1301 4127 1330 4179 in
1353 4126 1448 4180 earlier

405 4211 452 4267 the
464 4218 519 4266 sect
527 4217 555 4266 to
567 4211 613 4265 the
627 4209 775 4265 Founder.’'
796 4213 901 4265 Nomen
952 4213 1031 4266 Latin
1039 4229 1048 4278 ς
1069 4212 1119 4264 but
1135 4210 1182 4264 the
1193 4212 1253 4266 idea
1268 4213 1291 4265 is
1308 4212 1448 4266 contained

404 4299 590 4354 detinetur—is
607 4298 693 4351 seized
708 4315 744 4350 on
758 4315 787 4351 as
804 4298 901 4367 guilty.
951 4296 1101 4364 absolutely
1144 4297 1174 4350 in
1215 4297 1262 4352 the
1300 4299 1375 4362 verb,
1418 4301 1449 4351 de
1521 4285 1526 4294 ⁴

406 4385 455 4441 See
470 4385 504 4439 ad
520 4384 604 4439 Uxor.
616 4400 649 4438 11.
664 4388 690 4437 8.
706 4401 784 4453 quom
796 4403 902 4438 coucam
951 4381 1056 4450 merely
1078 4399 1216 4451 expresses
1244 4383 1292 4437 the
1319 4383 1397 4453 thing
1419 4383 1449 4437 ir'r

405 4467 555 4526 detineam?
590 4469 726 4526 Arnohiua
741 4466 774 4538 (1.
789 4469 838 4542 38)
854 4470 903 4524 has
952 4466 1047 4521 behalf
1072 4468 1103 4521 of
1122 4467 1212 4524 which
1242 4469 1289 4524 the
1319 4471 1397 4524 stand
1426 4471 1450 4523 is

406 4564 491 4611 tcroere
500 4560 611 4625 aliquem
622 4561 650 4610 in
660 4564 736 4610 reatu
740 4558 879 4623 facinoris.
953 4552 1039 4607 made.
