3300 5180
494 367 612 418 erens
636 368 938 420 aronoonrrces
1154 355 1223 428 113

188 551 365 646 torquete⁹
386 547 899 648 animamdeosupplie'autem
922 575 985 648 pro
999 551 1225 648 imperatore.
1266 561 1349 669 ffi

190 676 263 747 Hic
285 675 354 747 erit
377 674 520 758 crimen,
535 674 602 748 ubi
628 675 759 748 veritas
782 685 838 748 est
862 675 981 748 dei‘et
1006 675 1184 750 devotio¹⁰.
1238 690 1380 710 ”’”“·“”·

257 798 423 870 XXXI.
479 797 648 873 ¹Adulati
676 825 772 874 nune
800 825 922 874 numus
944 802 1160 898 imperatori
1186 813 1347 930 etqpqpn

186 925 330 998 mentiti
356 934 449 1009 vota,
475 947 553 1019 quae
578 923 747 1010 diximus,
774 924 821 997 ad
845 925 1062 998 evadendam
1089 926 1362 1058 ⁸⁰ffi⁰⁶llfl⁰ffffir

187 1051 270 1123 vim.
311 1050 422 1123 Plane
442 1051 579 1149 proficit
598 1051 669 1124 ista
685 1050 853 1124 fallacia².
894 1049 1107 1126 Admittitis
1127 1055 1222 1126 enim
1235 1057 1375 1119 Scripturas·

187 1200 251 1248 nos
283 1177 429 1272 probare
466 1176 699 1272 quodeunque
730 1175 964 1250 defendimus.
1029 1175 1106 1263 Qui
1140 1204 1222 1276 ergo

187 1301 377 1397 putaveris,
397 1297 490 1372 nihil
513 1325 577 1372 nos
600 1299 644 1373 de
665 1299 778 1374 salute
807 1301 981 1373 Caesarum
1013 1325 1143 1387 curare,
1167 1303 1222 1374 in·
1311 1343 1313 1350 ι

187 1425 280 1522 spice
308 1425 365 1498 dei
395 1449 506 1510 voees,
532 1425 687 1498 litteras³
720 1437 867 1511 nostras,
894 1450 980 1522 quas
1007 1451 1122 1523 neque
1152 1428 1220 1524 ipsi
1269 1405 1272 1412 λ

187 1551 438 1649 supprimimus
461 1562 498 1624 et
524 1551 683 1648 plerique
706 1576 806 1624 casus
827 1551 872 1624 ad
894 1559 1077 1624 extraneos
1107 1557 1221 1626 trans-

187 1675 317 1749 ferunt.
382 1675 479 1750 Scito
508 1700 553 1750 ex
580 1675 665 1761 illis,
696 1686 910 1774 praeeeptum
941 1701 1014 1750 esse
1042 1677 1145 1750 nobis
1175 1677 1221 1750 a'd

185 1799 459 1874 redundantiam¹
472 1801 715 1898 benignitatis,
733 1801 840 1874 etiarn
858 1825 920 1897 pro
937 1801 1090 1875 inimicis
1112 1801 1220 1876 deum

186 1951 294 2010 orare,
318 1942 354 2000 et
379 1927 657 2024 persecutoribus
683 1927 811 2000 nostris
834 1927 924 1999 bona
948 1929 1090 2023 precari.
1124 1925 1220 2013 'Qui

186 2051 299 2148 magis
317 2051 453 2126 inimici
478 2063 515 2126 et
540 2066 776 2149 persecutores
796 2051 1087 2140 Christianorum,
1113 2060 1218 2152 quam

186 2175 231 2248 de
255 2201 403 2272 quorum
424 2181 609 2273 majestate
634 2177 859 2250 convenimur
879 2177 917 2250 in
940 2179 1100 2252 crimen?
1148 2179 1222 2256 Sed

186 2301 294 2374 etiem
320 2302 531 2376 nominatim
555 2313 661 2399 atque
686 2301 892 2376 manifeste:
924 2300 1046 2390 Orate,¹
1074 2305 1220 2402 inqnit‘,

236 2629 405 2701 ⁹ertorquite
419 2636 535 2686 ocimum
542 2650 555 2694 ;
575 2633 593 2686 i.
601 2649 623 2687 e.
639 2615 683 2686 oess
727 2631 807 2700 iugis
821 2629 889 2684 this:
921 2615 1074 2700 Admittinq
1091 2649 1132 2684 we
1149 2631 1218 2692 hera

186 2719 269 2772 eidite.
304 2717 365 2770 'l'he
383 2717 479 2786 phrase
496 2715 679 2771 oecurredbe-
727 2714 985 2772 felsifiedourselves
998 2717 1027 2770 in
1041 2711 1158 2787 allegihg
1168 2735 1220 2770 our

185 2801 243 2855 fore
262 2803 292 2854 in
310 2819 332 2855 e.
351 2804 376 2856 9.
411 2801 566 2856 Lactantius
586 2798 635 2871 (D.
655 2801 678 2854 Ι.
727 2807 829 2870 respect
842 2801 885 2857 for
896 2801 943 2856 the
957 2819 1087 2871 emperor,
1105 2809 1152 2872 yet
1164 2802 1219 2856 this

185 2905 211 2940 v.
230 2885 268 2959 1.)
289 2887 337 2940 has
355 2888 448 2955 copied
467 2888 520 2941 and
539 2888 679 2956 expended
727 2903 794 2955 very
813 2886 897 2941 deecit
919 2888 976 2942 aids
998 2905 1049 2942 our
1071 2906 1157 2955 cause,
1176 2887 1219 2940 for

186 2971 233 3025 the
246 2971 409 3040 expression,
424 2975 522 3026 dicatus
537 2975 593 3026 Dee
609 2991 679 3026 merr-
727 2989 782 3042 you
797 2979 870 3027 must
883 2973 963 3027 allow
979 2989 1012 3026 us
1027 2979 1055 3027 to
1072 2990 1219 3042 epprovee

182 3065 223 3112 tes
250 3059 394 3110 sumeretis
423 3057 568 3123 eorpmilos
596 3065 678 3111 ector·
726 3057 824 3112 lineof
833 3059 946 3113 conduct
960 3059 1049 3112 which
1064 3076 1106 3112 we
1120 3057 1219 3127 openly

182 3150 271 3211 quent.
727 3143 822 3197 defend
841 3145 894 3198 end
914 3151 996 3198 essert
1010 3144 1070 3198 that
1086 3161 1126 3197 we
1144 3161 1220 3212 pree-

235 3225 256 3258 ¹⁰
274 3227 375 3280 “Here
391 3225 551 3295 the-prayer
567 3227 590 3280 is
605 3227 679 3280 tobe
726 3229 786 3282 tiee.
926 3243 929 3249 ·

182 3311 456 3376 aeeountedoerirne,
464 3309 553 3364 where
565 3311 679 3366 theGod
728 3324 731 3330 ·
778 3311 891 3368 ³le'teroe
914 3322 1036 3375 ecura&
1066 3331 1102 3368 se.
1124 3331 1218 3369 saeros.

185 3397 323 3452 addressed
334 3398 358 3450 is
368 3397 414 3452 the
426 3403 486 3451 true
498 3413 556 3462 one,
568 3397 621 3450 end
631 3396 678 3450 the
727 3399 870 3454 elsewhere
890 3402 1052 3454 literatorum
1070 3401 1123 3454 and
1139 3419 1219 3470 poro·

183 3485 283 3554 feeling
294 3483 325 3538 of
333 3483 381 3538 the
392 3483 543 3552 supplicent
554 3481 678 3536 sineere.''
727 3494 815 3540 torem
826 3490 953 3538 nostram.
976 3503 1055 3554 aeque
1056 3525 1114 3536 ......
1117 3492 1219 3555 suppra

183 3569 239 3623 'Yet
261 3570 316 3624 this
336 3569 426 3623 would
446 3581 517 3622 seem
536 3568 632 3622 almost
650 3573 679 3622 to
727 3575 822 3626 mimae
824 3608 882 3620 ......
885 3579 908 3626 et
910 3609 968 3622 ......
971 3572 1219 3640 receseruntl'his

183 3655 291 3723 require
317 3657 461 3710 demtionie.
503 3653 563 3707 The
590 3653 678 3708 whole
725 3655 901 3726 phraseology
918 3657 942 3710 is
957 3657 994 3726 by
1010 3675 1045 3714 no
1061 3675 1152 3712 means
1168 3673 1219 3712 un—

186 3739 273 3794 elause
291 3742 314 3794 is
328 3741 367 3810 by
384 3757 456 3795 sorne
471 3740 623 3795 considered
642 3757 677 3794 en
725 3759 850 3796 common
864 3743 894 3796 in
909 3743 978 3811 good
997 3744 1108 3810 writers,
1127 3745 1177 3798 but
1196 3746 1218 3800 it

187 3825 383 3893 interpolation.
725 3845 817 3882 occurs
832 3845 906 3882 more
921 3827 1076 3898 frequently
1086 3828 1157 3885 efter
1171 3829 1219 3884 the

184 3943 186 3952 ι
237 3910 341 3964 XXXI.
366 3910 678 3967 1Adctasincneecmcs
726 3913 837 3968 liavian
857 3931 914 3984 age,
938 3913 1081 3983 especially
1104 3916 1133 3972 in
1156 3915 1218 3972 Sue:

185 4005 210 4051 et
229 3999 337 4050 mentiti.
380 3997 439 4051 The
465 4015 538 4052 same
560 3997 629 4050 form
650 3995 681 4051 of
725 4001 823 4056 tonius.

185 4080 369 4150 hypothetieal
386 4089 527 4152 argument
542 4099 634 4136 oeours
647 4083 677 4135 in
775 4087 787 4115 ⁴
802 4089 908 4155 ioquin
926 4103 961 4140 se.
974 4085 1118 4155 Apostolus
1134 4083 1172 4155 (v.
1185 4087 1219 4140 ed

184 4167 251 4220 cuv.
263 4185 299 4220 vr.
311 4168 370 4221 634.
399 4169 539 4238 Ftnpe'mce
551 4172 612 4234 luae,
626 4166 677 4222 &e
726 4188 749 4224 e.
762 4169 799 4241 1.)
811 4170 929 4224 adTim.
940 4171 994 4224 i.12.
1005 4173 1030 4224 2.
1052 4174 1218 4240 prouocatus,

184 4251 239 4306 ond
251 4253 283 4306 de
295 4252 368 4306 Cult.
381 4253 462 4306 Fem.
473 4271 495 4308 e.
506 4259 532 4307 8.
563 4256 679 4310 Videlicet
726 4257 1217 4324 aeneumqueineeoumtwrecect,

185 4342 679 4409 ouaeoeoiretaeeuscemulusseemt-
727 4348 758 4394 ot
779 4343 890 4408 comtum
912 4350 937 4397 et
956 4343 1121 4410 tramittam
1138 4343 1218 4394 utem

184 4429 330 4479 noscetis
341 4427 438 4493 depello.
636 4447 638 4456 ,
727 4429 1218 4496 cyemustuomuipietoteetoustt'tote.

235 4507 348 4564 ’Plane
361 4511 469 4580 proficit.
499 4510 559 4566 The
575 4529 678 4567 reason-
728 4511 810 4581 any.
