3300 5180
481 403 598 452 ursan
624 399 929 451 mmuoonmcus.
1150 376 1222 459 149

187 581 357 654 Diximus
380 581 460 676 'jam
494 579 539 653 de
560 579 686 652 Musis
716 589 841 654 aetatess
877 576 950 652 Sed
978 590 1113 676 quanta
1143 604 1223 652 auc·
1257 587 1354 701 4324&

184 707 311 779 toritas
338 705 457 804 legum
494 703 739 790 humanarum,
774 729 882 803 quum
909 703 989 778 illas
1014 715 1051 778 et
1076 698 1222 779 evadere
1235 733 1381 746 ·······

185 830 322 904 homini
350 831 546 928 contingat,
571 841 609 903 et
641 829 849 928 plerumque
876 831 913 902 in
946 829 1107 904 admissis
1133 829 1223 904 deli-

181 971 327 1040 tescere,
363 968 401 1029 et
430 955 620 1053 aliquando
644 969 867 1030 contemnere
893 981 937 1029 ex
959 955 1144 1030 voluntate
1166 956 1222 1031 vel

187 1083 396 1156 necessitate
419 1081 662 1179 delinquendi,
695 1083 891 1178 recogitata
914 1082 1022 1155 etiam
1049 1082 1223 1156 brevitate

187 1205 351 1303 supplicii
381 1205 581 1303 cujuslibet,
607 1230 678 1278 non
706 1209 843 1279 tamen³
869 1204 966 1279 ultra
989 1215 1139 1280 mortem
1169 1231 1224 1279 re-

185 1332 370 1405 mansuri?
419 1331 478 1405 Sic
497 1342 534 1404 et
555 1330 734 1428 Epicurus
756 1356 895 1404 omnem
917 1331 1111 1404 cruciatum
1128 1329 1224 1404 dolo-

181 1483 330 1556 remque
369 1457 572 1555 depretiat⁶,
615 1456 791 1530 modicum
831 1456 975 1554 quidem
1013 1457 1224 1555 contempti·

182 1583 292 1666 ¹bilem
316 1581 590 1682 pronuntiando,
613 1607 780 1681 magnum
803 1607 974 1656 veronen
999 1567 1221 1660 diuturnum,

188 1708 382 1782 Enimvero
415 1733 479 1781 nos
513 1709 575 1805 qui
611 1709 687 1780 sub'
711 1707 778 1781 deo
808 1709 969 1780 omnium
1006 1707 1222 1805 speculatore

186 1833 445 1933 dispungimur,
482 1834 612 1931 quique
643 1827 812 1906 aeternam
843 1833 888 1906 ab
913 1841 955 1906 eo'
978 1857 1117 1931 poenam
1143 1857 1223 1930 pro-

186 1960 357 2044 videmus,
394 1959 523 2033 merito
553 1959 618 2032 soli
658 1959 869 2032 innocentiae
907 1959 1146 2045 occurrimus⁷,
1171 1971 1223 2060 'et

186 2107 250 2180 pro
275 2083 429 2156 scientiae
458 2082 694 2180 plenitudine,
730 2093 768 2156 et
795 2107 858 2180 pro
887 2081 1101 2156 latebrarum
1131 2083 1223 2158 diffiss

184 2207 331 2293 cultate,
356 2219 392 2282 ct
408 2234 472 2306 pro
496 2203 744 2308 magnitudine
764 2209 939 2282 cruciatus
956 2233 1028 2280 non
1049 2208 1222 2294 diuturni,

182 2357 305 2405 verum
331 2334 547 2431 sempitemi‚
571 2359 652 2408 eum
677 2334 856 2419 timentes,
880 2358 985 2438 quem
1010 2334 1137 2422 fimere
1162 2333 1223 2408 de·

184 2459 286 2533 bebit
311 2454 347 2532 et
372 2459 447 2558 ipse
467 2461 528 2558 qui
553 2461 720 2534 timentes
738 2459 889 2558 judicat,
909 2459 1029 2545 deum,
1052 2485 1123 2533 non
1144 2483 1223 2558 pro·

184 2583 364 2657 consulem
389 2585 569 2658 timentes.
918 2603 920 2608 ’
1130 2607 1132 2612 ·

181 2793 183 2800 ¹
260 2705 407 2800 XLVI.
456 2706 721 2794 Constitimus¹‚
744 2719 787 2782 ut
811 2709 946 2806 opinor,
966 2691 1131 2783 adversus¹
1151 2734 1223 2782 om·
1235 2717 1384 2836 w„

186 2835 287 2933 nium
321 2834 508 2908 criminum
541 2835 788 2920 intentionem,
823 2860 902 2932 quae
938 2832 1222 2910 Christianorum
1235 2835 1364 2954 ffigffl

181 2941 411 3056 'sanguinem‘
438 2957 587 3056 flagitat
652 2955 887 3034 Ostendimus
926 2970 1042 3034 totum
1089 2970 1221 3032 statum
1235 2951 1384 3071 {mm

186 3094 359 3170 nostrum,
393 3095 430 3188 et
470 3084 597 3180 quibus
627 3083 741 3158 modia
775 3086 923 3182 probare
960 3085 1133 3182 possimus
1170 3069 1375 3178 italssffiff

187 3236 273 3299 esse,
311 3211 403 3296 sicut
439 3209 669 3296 ostendimus,
705 3235 751 3284 ex
790 3210 861 3284 fide
894 3209 1030 3284 scilicet
1061 3223 1099 3284 et
1131 3196 1386 3297 anti-,“,'„⁸,ssl¹¹,'ur

186 3338 325 3434 quitate
355 3335 556 3410 divinarum
582 3335 795 3419 litterarum,
824 3335 912 3408 item
939 3359 983 3409 ex
1009 3306 1349 3415 confessioneiiffi

1235 3425 1303 3474 duct.

236 3607 317 3664 “aon
338 3617 447 3670 tomam
476 3607 532 3662 this
550 3606 633 3662 refers
651 3612 680 3662 to
730 3593 1225 3674 Theproineschclsneemeens‘n's

181 3699 263 3763 eujus
286 3698 353 3762 litet,
375 3712 405 3750 aa
433 3693 458 3748 if
482 3695 505 3748 it
532 3692 585 3747 had
613 3692 681 3746 besu
728 3691 1112 3762 regardswithrespeetto!
1143 3696 1225 3748 scias-

182 3781 681 3850 ·writteu,quodsupplteium,aitoujus
725 3779 774 3832 tior
792 3779 925 3846 plenitudo
946 3777 960 3830 1
980 3777 1102 3832 conceive
1123 3794 1225 3856 means,

185 3869 260 3922 tueor
274 3870 384 3934 pateis,
401 3885 454 3921 noo
471 3875 565 3930 tomen,
582 3862 633 3918 &o
729 3863 776 3918 the
796 3863 898 3933 perfect
916 3863 1075 3935 knowledge
1094 3881 1136 3920 we
1155 3863 1225 3920 hare

237 3950 412 4020 ‘depretiare
436 3948 682 4015 Thiswordlbe-
729 3947 762 4002 of
785 3947 832 4003 the
860 3948 958 4014 virtue,
981 3948 1017 4002 its
1043 3953 1149 4015 nature,
1168 3949 1225 4004 ‘and

187 4037 265 4104 lieve,
283 4039 307 4092 is
322 4037 420 4092 slmost
435 4035 555 4108 peculiar
570 4039 599 4089 to
615 4034 682 4088 Ter·
730 4033 805 4088 what
821 4035 845 4088 it
860 4033 981 4104 requires
998 4033 1069 4089 from
1083 4052 1125 4102 us,
1142 4030 1191 4104 (ee.
1207 4051 1226 4088 o

182 4122 293 4189 tullian,
313 4140 352 4188 or,
371 4129 399 4178 at
416 4123 491 4190 least,
509 4121 580 4177 until
598 4118 682 4174 much
731 4117 891 4192 Deoedoeti)
902 4118 945 4174 for
954 4121 1110 4174 latebrarum
1120 4121 1227 4190 deffleat-

184 4208 256 4264 lnter
271 4209 359 4263 times
730 4205 1046 4274 taa,seedepoeuitc.3.
1066 4207 1227 4260 madianites

184 4341 187 4348 .
241 4293 252 4326 ⁷
276 4297 431 4349 innocentie
452 4299 637 4354 omonimus:
667 4292 681 4346 1
730 4294 845 4346 tomam
869 4292 904 4345 da
916 4285 1001 4358 sactis
1022 4293 1105 4345 solum
1122 4293 1225 4359 judica

186 4380 269 4436 think
301 4378 424 4434 Sernler’s
454 4379 627 4448 explanation
654 4378 688 4433 of
731 4379 794 4446 quio
802 4377 1229 4444 volantatislotebrieporaonest

185 4467 243 4522 this
265 4465 361 4536 phrase
384 4465 407 4519 is
428 4464 586 4534 good,'i.e.
607 4465 685 4534 quasi
729 4479 731 4484 ·
764 4459 886 4516 ‘XLVL
920 4455 1229 4518 mecummet

186 4557 325 4609 inventam
348 4550 424 4608 illam
450 4550 500 4605 soli
521 4550 684 4620 amplexuri.
735 4545 945 4614 intentionem.
957 4543 1000 4606 27ss
1073 4561 1075 4567 ·
1141 4571 1144 4578 ⁴
1214 4577 1217 4582 ,
