3306 5176
408 341 456 415 94
785 354 1050 406 raanuunmur

272 539 374 648 xcffii
407 540 516 614 etiam
541 539 586 613 dc
608 538 781 638 sanguine
807 535 1101 610 Christianorum,
1147 534 1299 608 Nollent
1320 534 1441 630 itaque

249 683 392 696 “·····
407 689 467 738 vos
486 675 560 738 tarn
582 661 788 746 fructuosos,
809 673 882 735 tam
904 661 1071 735 officiosos
1099 660 1166 733 sibi
1190 660 1366 744 amittere,
1382 657 1440 731 rel

408 815 453 865 ue
475 815 497 866 a
521 791 619 863 vobis
642 789 854 886 quandoque
877 786 1088 861 Christianis
1107 785 1288 883 fugentur,
1316 785 1346 858 si
1363 783 1443 856 ¹illis

408 917 473 990 sub
509 913 722 1001 Christiano,
755 914 897 988 volente
931 915 1029 988 vobis
1062 913 1250 987 veritatem
1286 911 1443 1009 probare,

407 1043 553 1116 mentiri
577 1041 710 1116 liceret.

248 1183 307 1291 21:11}
305 1181 380 1289 etslggn
481 1165 642 1241 XXIV.
694 1163 823 1240 Omnis
849 1167 919 1240 ista
945 1164 1113 1240 confessio
1133 1163 1288 1248 illorum,
1314 1187 1386 1260 qua
1409 1183 1444 1234 se

249 1301 371 1349 willelm
409 1294 491 1368 deos
522 1304 657 1390 negant
689 1317 774 1380 erse,
807 1317 946 1398 quaque
978 1316 1049 1364 non
1084 1290 1193 1365 alium
1229 1290 1335 1364 deum
1377 1311 1455 1361 res·¹

248 1417 371 1536 iiiiiiyif
409 1419 569 1518 pondent
603 1429 731 1517 praeter
757 1443 881 1504 uuum,
911 1418 968 1492 cui
991 1442 1054 1490 nos
1080 1417 1336 1513 mancipamur,
1360 1411 1446 1488 satis

250 1595 373 1704 ”imiibe
409 1543 537 1618 idonea
567 1555 621 1618 est
652 1543 698 1618 ad
729 1543 978 1642 depellendum
1008 1543 1141 1616 crimen
1171 1542 1261 1614 laesae
1291 1541 1446 1614 maxime

249 1669 308 1702 SOU

248 1773 382 1831 *⁰¹¹¹”tm'
410 1808 515 1883 certo,
539 1823 605 1872 uec
624 1797 750 1894 religio
771 1822 834 1896 pro
859 1807 954 1870 certo
977 1806 1053 1883 est3
1083 1796 1113 1868 si
1136 1794 1262 1892 religio
1284 1818 1355 1866 non
1380 1803 1445 1878 est,

410 1923 493 2019 quia
510 1947 576 1995 nec
592 1921 650 1994 dei
668 1947 731 2020 pro
753 1933 859 2008 certo,
879 1905 945 1996 nec
964 1945 1028 1994 nos
1049 1946 1112 2019 pro
1135 1930 1231 1993 certo
1252 1920 1304 1993 rei
1326 1943 1447 1993 sumus

410 2171 624 2260 resultabis,
648 2175 710 2274 qui
733 2173 957 2248 mendacium
979 2173 1144 2258 colentes,
1166 2197 1284 2246 veram
1307 2170 1448 2270 religio·

410 2324 492 2374 nem
518 2301 592 2374 veri
620 2299 679 2374 dei
703 2324 784 2374 non
804 2299 909 2373 modo
935 2297 1159 2396 negligendo,
1190 2297 1277 2394 quin
1304 2297 1449 2396 insuper

249 1377 277 1408 us
287 1359 344 1407 from
358 1359 398 1406 tbe

249 1537 349 1593 besides,
359 1535 392 1583 all

249 1712 384 1772 gwnfially
410 1669 586 1743 Romanae
619 1669 811 1768 religionis.
872 1669 912 1742 Si
946 1669 1040 1742 enim
1072 1691 1145 1740 non
1178 1676 1262 1741 suut
1292 1665 1351 1740 dei
1383 1689 1460 1763 pro*

409 2046 499 2121 laesae
518 2047 709 2146 religionis.
762 2046 821 2120 At
847 2074 866 2121 e
891 2048 1065 2121 contrario
1082 2047 1121 2119 in
1141 2071 1201 2119 vos
1225 2045 1447 2142 exprobratio

411 2425 658 2524 expugnando,
692 2426 730 2499 in
762 2429 902 2500 verum²
933 2425 1158 2498 committitis
1193 2425 1324 2497 crimen
1357 2448 1447 2497 verae

411 2552 694 2650 irreligiositatis.
744 2554 865 2640 Nunc,
885 2549 944 2626 ut8
964 2561 1140 2625 constaret
1158 2549 1238 2624 illos
1257 2549 1341 2624 deos
1362 2575 1448 2636 ease,

412 2700 530 2750 noune
553 2678 743 2751 conceditis
767 2675 812 2751 de
835 2677 1070 2751 aestimatione
1093 2675 1272 2749 communi
1294 2673 1449 2774 aliquem

409 2827 487 2878 csse
519 2803 758 2878 sublimiorem
790 2813 828 2876 et
857 2802 1094 2900 potentiorem
1121 2799 1221 2875 velut
1251 2801 1448 2899 principem

413 2928 550 3016 mundi,
575 2929 737 3028 perfectae
760 2929 930 3028 potentiae
953 2937 991 3002 et
1017 2928 1240 3024 majestatis?
1292 2927 1390 3000 Nam
1413 2935 1450 3000 et

414 3055 465 3130 sic
494 3055 654 3154 plerique
682 3055 877 3153 disponunt
904 3053 1158 3138 divinitatem,
1192 3061 1235 3126 ut
1261 3052 1449 3150 imperium

415 3206 559 3256 summae
584 3181 836 3256 dominationis
862 3205 936 3254 esse
956 3203 1064 3278 penes
1089 3202 1213 3263 unum,
1237 3177 1351 3250 officia
1373 3180 1450 3273 ejus

465 3509 568 3564 XXIV.
592 3509 758 3566 ¹rcsultobr't.
776 3510 908 3579 Compare
957 3527 1018 3579 saga
1046 3511 1076 3564 in
1104 3507 1236 3577 Apuleius
1258 3505 1351 3577 (Apol.
1377 3505 1451 3578 508.)

414 3604 557 3664 maome
573 3597 626 3651 and
640 3600 799 3665 reserantem,
818 3596 908 3651 which
958 3599 1031 3650 Idem
1051 3597 1193 3649 Mevaniae
1213 3597 1303 3662 optineo
1324 3595 1452 3663 intelligit,

414 3680 483 3740 bavo
493 3681 583 3737 before
594 3683 726 3736 occurred.
958 3687 990 3735 ut
1020 3684 1051 3736 de
1080 3685 1182 3736 nominc
1212 3683 1289 3734 ctiam
1317 3681 1394 3733 oobr's
1412 3697 1454 3734 rc-

465 3763 477 3796 ¹
492 3770 620 3821 tuomum
628 3785 642 3829 ,⁰
659 3767 909 3837 Ipreferconsider-
957 3770 1102 3835 spondeum,
1118 3770 1238 3836 quiscum
1251 3768 1286 3820 sit
1303 3767 1353 3831 ille,
1366 3782 1420 3818 aon
1435 3783 1453 3820 a

413 3851 524 3920 irrgtbis
537 3869 566 3906 aa
578 3853 766 3921 equivalentto
778 3855 909 3907 inculto-
956 3871 996 3909 mo
1009 3857 1103 3922 primo,
1123 3855 1167 3908 scd
1185 3870 1202 3906 o
1223 3853 1332 3905 Plotouc
1350 3869 1454 3905 aunon·

414 3937 906 4007 tcmmorepcatingDcumfromabove.
954 3948 1034 4008 pctus
1069 3935 1214 4014 βασιλειὶε,
1249 3941 1329 3992 totius
1364 3954 1453 3992 rerum

465 4018 523 4077 ”ut
545 4031 692 4084 moerorem
722 4024 740 4076 i·
761 4041 784 4077 e.
808 4025 909 4078 etiamsi
956 4042 1062 4089 norom
1077 4030 1381 4102 commoraturos.

415 4107 497 4178 Apul.
527 4103 620 4176 (Apol.
649 4107 715 4178 514)
743 4117 774 4164 ut
801 4111 909 4164 tedium
1007 4119 1174 4188 *amporam
1191 4121 1372 4180 divinitatem
1399 4119 1454 4172 “⁸0

411 4202 497 4263 Ρθθθθΐ
504 4197 610 4262 meib
622 4203 708 4249 tamen
722 4211 783 4260 lum,
796 4193 845 4249 ἀΰ·
857 4195 908 4250 bul
959 4204 1099 4258 distribute
1119 4204 1171 4258 and
1191 4221 1303 4274 arrange
1322 4203 1370 4257 the
1392 4202 1455 4273 god-

415 4279 693 4350 thephrffleisgood·
736 4280 910 4336 V·Juv·vl11·
961 4288 1454 4359 sbipintbcirthcory”-officr'acjua;

415 4365 475 4426 272.
494 4365 553 4420 Lis.
569 4367 612 4420 38.
632 4367 675 4424 17.
705 4365 750 4422 On
766 4367 814 4424 the
833 4385 912 4438 argu·
962 4376 1021 4428 “its
1050 4376 1156 4430 various
1186 4377 1328 4434 executive
1351 4375 1455 4444 depart-

415 4457 492 4508 ment
504 4469 627 4521 compare
640 4470 657 4508 a
669 4452 837 4510 remarkable
852 4473 912 4524 pas-
961 4459 1072 4515 mente!
