3250 5172
388 346 410 408 2
768 359 1032 411 rsnruunmur

264 547 339 654 ῦῗΡ·
389 565 489 613 aures
520 551 651 612 vestras
678 542 869 636 pervenire.
915 538 1023 613 Nihil
1054 541 1118 613 illa
1142 540 1187 614 de
1212 565 1333 613 caussa
1360 563 1426 611 sua

230 681 375 693 ““-
388 664 605 762 deprecatur,
636 665 720 762 quia
746 689 811 738 uec
841 664 886 738 de
916 665 1117 738 conditione
1139 665 1299 737 miratur.
1347 661 1426 734 Scit

388 814 424 862 se
460 791 679 886 peregrinam
715 791 753 862 iu
792 792 894 864 terris
935 787 1066 890 agere⁴,
1105 791 1199 864 inter
1238 801 1425 864 extraneos

387 913 490 988 facile
523 917 684 1002 inimicos
717 918 887 1004 invenire,
929 929 1084 992 ceterum
1124 943 1248 1014 genus,
1292 917 1425 1002 sedem,

387 1065 494 1137 spem,
515 1041 679 1138 gratiam,
700 1040 914 1138 dignitatem
933 1044 971 1115 in
994 1043 1089 1116 coelis
1110 1041 1248 1118 habere.
1292 1042 1425 1115 Unum

385 1165 511 1261 gestit⁵
546 1165 738 1250 interdum,
778 1191 824 1238 ne
863 1167 1025 1261 ignorata
1058 1167 1256 1242 damnetur.
1320 1168 1426 1254 Quid

385 1286 469 1361 hinc
503 1289 641 1386 deperit
671 1289 810 1386 legibus
842 1291 881 1362 in
912 1317 974 1364 suo
1005 1315 1114 1389 regno
1144 1292 1424 1378 dominantibus,

385 1415 415 1486 si
445 1415 639 1488 audiatur?
687 1413 746 1488 At
780 1413 847 1488 hoc
878 1417 991 1514 magis
1025 1417 1234 1513 gloriabitur
1266 1428 1425 1514 potestas

385 1565 516 1623 earum,
544 1540 768 1637 quodetiam
794 1539 953 1614 auditam
978 1539 1198 1614 damnabunt
1223 1542 1423 1615 veritatem.

386 1665 551 1738 Ceterum
579 1663 777 1736 inauditam
811 1665 842 1736 si
871 1664 1053 1751 damnent,
1080 1675 1206 1762 praeter
1233 1666 1425 1742 invidiam⁶

384 1790 586 1885 iniquitatis
616 1790 723 1862 etiam
752 1791 985 1886 suspicionem
1012 1792 1242 1864 merebuntur
1272 1792 1425 1888 alicujus

384 1917 614 1998 conscientia,
640 1917 801 1990 nolentes
830 1918 964 2004 audire,
999 1919 1093 2015 quod
1127 1920 1289 1994 auditum
1323 1921 1425 1994 dam-

383 2065 467 2116 nare
500 2067 572 2115 non
601 2043 746 2140 possint.
799 2043 906 2116 Hanc
933 2044 1054 2140 itaque
1083 2045 1234 2140 primam
1262 2071 1422 2120 caussam

383 2168 478 2266 apud
509 2195 569 2242 vos
601 2168 807 2242 collocamus
840 2169 1039 2264 iniquitatis
1072 2169 1144 2242 odii
1176 2196 1260 2268 erga
1291 2197 1420 2244 nomen

384 2293 676 2367 Christianorum.
735 2291 856 2378 Quam
890 2294 1117 2389 iniquitatem
1147 2294 1241 2368 idem
1273 2297 1422 2370 titulus⁷

383 2429 420 2492 et
448 2430 569 2492 onerat
597 2431 634 2492 et
660 2419 820 2502 revincit,
850 2419 911 2515 qui
941 2419 1082 2492 videtur
1110 2445 1285 2506 excusare,
1317 2423 1421 2518 igno-

382 2546 499 2618 rantia
539 2545 684 2618 scilicet.
753 2543 850 2629 Quid
889 2545 984 2619 enim
1024 2546 1192 2641 iniquius,
1233 2572 1339 2644 quam
1378 2560 1422 2622 ut

382 2667 521 2742 oderint
546 2668 717 2753 homines,
741 2669 835 2764 quod
862 2670 1038 2766 ignorant,
1063 2671 1202 2743 etiamsi
1228 2697 1283 2744 ras
1308 2697 1422 2746 mere-

382 2805 442 2866 tur
466 2793 615 2865 odium?
668 2794 774 2866 Tunc
801 2795 932 2866 etenim
961 2807 1127 2879 meretm,
1161 2821 1241 2867 cum
1276 2822 1422 2892 eognos-

381 2919 484 3003 citur,
501 2943 545 2990 an
563 2929 750 2991 mereatur.
801 2916 982 2990 Vacante⁸
1001 2929 1121 2991 autem
1139 2917 1259 2992 meriti
1275 2922 1419 3006 notitia,

429 3165 528 3220 ⁴Hab,
541 3183 581 3220 xr.
595 3165 637 3219 13.
655 3165 680 3218 S.
693 3161 749 3218 Pet.
763 3181 782 3217 1.
795 3165 820 3216 2.
833 3168 874 3216 11.
974 3163 1119 3231 Ulludua,
1146 3167 1164 3220 i.
1184 3185 1210 3236 q.
1232 3170 1350 3236 choium.
1393 3169 1421 3224 Α

379 3255 439 3309 The
455 3254 610 3324 expression
624 3269 697 3322 acere
711 3253 873 3320 perayoinum
922 3249 994 3303 brief
1012 3252 1189 3318 specification
1208 3252 1239 3305 of
1255 3253 1303 3306 the
1321 3254 1421 3324 charge

377 3338 640 3394 willbcillustrated
651 3336 793 3391 hereafter.
921 3353 953 3389 or
966 3336 1134 3402 iudictmcut,
1149 3337 1196 3391 tha
1207 3343 1419 3405 proca-veroa&

428 3425 558 3482 ‘Garrire
588 3427 611 3479 is
636 3423 784 3492 unusually
810 3441 873 3477 con·
921 3420 987 3475 both
1010 3422 1097 3474 words
1116 3439 1196 3476 occur
1213 3422 1370 3494 frequently
1389 3427 1421 3481 in

377 3513 494 3566 structed
506 3512 598 3565 witha
610 3510 704 3578 simple
716 3511 873 3563 accusative.
922 3505 1081 3561 Tertullian.
1102 3508 1245 3562 Suetonius
1253 3509 1350 3564 relatas
1358 3511 1421 3566 that

377 3600 474 3666 —qut'd
489 3600 549 3651 hinc
575 3599 671 3663 deperit
690 3598 791 3663 mione,
814 3599 872 3648 ai—
921 3591 1044 3662 Caligula
1055 3594 1166 3647 ordered
1177 3594 1218 3647 off
1225 3594 1319 3664 along
1331 3597 1378 3650 file
1391 3599 1424 3652 of

377 3679 488 3735 “What
504 3683 566 3736 does
581 3681 628 3735 tha
643 3680 696 3734 law
707 3680 761 3733 lose
773 3681 802 3732 in
817 3679 872 3733 this
920 3679 1053 3746 prisonem
1068 3685 1096 3732 to
1115 3682 1266 3746 execution,
1291 3685 1420 3738 “nulliue

376 3785 443 3832 casa,
455 3766 501 3832 if,”
514 3767 564 3821 &c
583 3769 704 3834 deperire,
719 3783 748 3819 cs
764 3765 872 3818 Lucret.
919 3767 1029 3830 irrrpccto
1040 3763 1140 3832 eloyio,”
1148 3765 1201 3818 and
1209 3765 1269 3820 that
1277 3765 1420 3822 Domitian

377 3871 406 3906 rr.
419 3855 478 3906 296.
919 3849 1316 3906 condemnedacitizeutothc
1329 3853 1420 3908 beasts

426 3936 437 3968 ⁶
454 3933 562 4009 [Quam
582 3937 712 3990 invidiam
732 3937 761 3988 in
779 3953 871 3988 caussa
920 3938 1000 3989 “cum
1018 3940 1063 3990 hoc
1081 3936 1181 3990 titulo.''
1213 3940 1313 3993 Orserat
1332 3947 1358 3994 ct
1377 3959 1420 3995 rc-

376 4024 401 4076 S.
410 4023 488 4078 Pauli
499 4024 608 4092 agnovit
619 4023 675 4091 ipse
684 4022 786 4076 Festus.
805 4020 870 4076 Acts
919 4022 1099 4076 vincit-both
1112 4031 1268 4092 aggravmes
1285 4026 1340 4079 aud
1353 4043 1421 4080 con-

375 4123 442 4162 xxv.
455 4109 550 4178 16,A.]
560 4111 671 4177 alicujus
678 4112 870 4164 conscicntiae-
918 4108 1136 4173 victe-revincit,
1155 4126 1198 4162 sca
1213 4110 1248 4163 ed
1264 4110 1348 4179 Apul.
1363 4111 1418 4180 Ap.

374 4194 428 4249 “of
433 4212 505 4249 some
517 4196 618 4264 privity
630 4201 658 4249 to
669 4195 716 4249 the
728 4195 869 4249 crime.’'—-
917 4198 977 4247 400.

373 4283 522 4335 collocamus
548 4299 667 4335 causeam
692 4285 763 4349 opud
790 4299 868 4336 ooa—
967 4278 978 4308 ⁸
1000 4277 1122 4344 Vacante,
1142 4279 1160 4332 i.
1181 4298 1204 4333 c.
1227 4286 1420 4338 mutante

373 4369 392 4395 “
400 4385 441 4420 we
452 4365 529 4435 lodge
540 4367 594 4420 this
604 4368 754 4421 accrrsstion
764 4367 868 4436 against
917 4381 939 4417 c.
949 4368 990 4428 18,
1007 4381 1039 4418 na
1049 4368 1142 4418 notitia
1153 4373 1264 4420 vacaret.
1277 4385 1300 4419 c.
1313 4371 1356 4432 11,
1370 4386 1417 4422 oo-

372 4452 453 4520 you,”
460 4453 520 4518 viz,
531 4452 563 4506 of
570 4453 616 4508 tha
623 4454 748 4523 injusticc
759 4454 790 4507 of
797 4471 868 4522 your
915 4457 957 4504 oct
967 4467 1000 4504 aa
1010 4453 1058 4504 hoc
1064 4457 1141 4518 parta
1148 4467 1249 4504 causeo.
1271 4451 1329 4506 “If
1337 4453 1416 4506 there

372 4539 474 4603 uctred,
488 4537 538 4592 &c
914 4536 937 4588 is
948 4551 983 4590 no
989 4535 1147 4604 knowledge
1158 4535 1189 4588 of
1194 4535 1241 4589 the
1254 4537 1416 4593 descrts.''-
