3306 5176
374 314 421 394 76
753 337 1020 388 rsnrummm

245 518 322 632 {¹34¹}-
370 519 541 604 nutritur,
557 517 738 605 adolescit,
754 517 1023 605 affatur,‚docet,
1038 530 1203 616 operatur
1223 531 1260 594 et
1284 517 1402 596 Chris·

211 667 357 678 ·““····
371 656 430 720 tus
462 655 529 718 est.
597 643 762 735 Recipite
790 645 934 718 interim
964 643 1056 718 banc
1082 643 1251 732 fabulam,
1277 647 1403 722 similis

371 777 426 842 est
442 768 578 852 vestris,
595 766 681 840 dum
698 768 929 853 ostendimur,
946 768 1119 864 quomodo
1141 767 1304 844 Christus
1326 796 1405 868 pro-

370 895 484 968 betur.
536 892 703 967 Sciebant
720 903 758 967 et
774 894 836 991 qui
852 917 960 991 penes
976 919 1036 966 vos
1042 897 1063 933 ¹⁸
1078 890 1251 989 ejusmodi
1269 893 1405 970 fabulas

371 1017 514 1092 aemuas
540 1017 585 1091 ad
607 1016 883 1092 destructionem
906 1017 1067 1090 veritatis
1091 1017 1293 1092 istiusmodi
1315 1043 1406 1117 prae-

372 1145 672 1218 ministraverunt.
720 1141 886 1217 Sciebant
908 1154 946 1217 et
969 1143 1090 1216 Judaei
1116 1154 1304 1218 venturum
1334 1170 1408 1222 erse

374 1267 567 1354 Christum,
606 1267 740 1342 scilicet
775 1269 903 1364 quibus
940 1266 1120 1366 prophetae
1158 1267 1406 1366 loquebantur.

373 1392 470 1466 Nam
499 1404 537 1468 et
562 1418 658 1466 nunc
684 1393 876 1466 adventum
909 1396 985 1488 ejus
1016 1403 1217 1490 expectant,
1244 1419 1309 1468 nec
1338 1395 1409 1468 alia

373 1520 487 1618 magis
503 1521 598 1592 inter
617 1543 681 1592 nos
698 1529 736 1592 et
751 1518 831 1592 illos
854 1517 1084 1615 compulsatio
1106 1529 1293 1614 est,'quam
1314 1519 1409 1616 quod

369 1648 446 1740 jam
459 1645 594 1718 venisse
606 1667 677 1716 non
693 1642 852 1716 credunt.
888 1641 1072 1716 Duobus¹⁹
1087 1643 1182 1716 enim
1200 1641 1409 1718 adventibus
1606 1639 1610 1646 ’

374 1774 451 1865 ejus
476 1769 695 1866 significatis,
720 1768 846 1864 primo,
871 1767 933 1863 qui
952 1769 1028 1862 jam
1053 1778 1254 1863 expunctus
1281 1780 1345 1854 est,
1370 1770 1408 1842 in
1507 1751 1509 1754 ⁵

374 1894 581 1970 bumilitate
604 1892 816 1966 conditionis
841 1889 1025 1976 humanm
1058 1891 1220 1977 secundo,
1245 1894 1306 1989 qui
1329 1919 1410 1966 con-

376 2020 551 2095 cludendo
574 2018 691 2094 seculo
707 2019 881 2092 imminet
903 2018 940 2090 in
967 2016 1189 2092 sublimitate
1210 2018 1409 2096 divinitatis

376 2159 543 2222 exsertae:
560 2148 714 2244 primurn
731 2170 804 2218 non
818 2143 1065 2241 intelligendo,
1084 2144 1289 2231 secundum,
1306 2170 1410 2243 quem

375 2270 598 2345 manifestius
631 2269 859 2370 praedicatum
892 2278 1044 2365 sperant,
1080 2293 1192 2341 unum
1231 2271 1411 2343 existima-

377 2406 515 2470 verunt.
561 2393 621 2468 Ne
639 2395 734 2468 enim
749 2392 994 2489 intelligerent
1012 2392 1214 2488 pristinum,
1231 2393 1409 2478 credituri,

379 2523 408 2594 si
438 2520 708 2618 intellexissent,
735 2531 772 2592 et
799 2517 1021 2592 consecuturi
1050 2514 1212 2600 salutem,
1242 2517 1272 2589 si
1300 2517 1412 2590 credi-

379 2647 526 2752 dissent,
542 2647 709 2720 meritum
725 2644 796 2717 fuit
811 2643 980 2717 delictum
999 2667 1128 2716 eorum.
1171 2642 1247 2742 Ipsi
1260 2643 1411 2752 legunt&

379 2773 431 2846 ita
450 2771 632 2868 scriptum,
652 2767 840 2842 mulctatos
858 2793 894 2840 se
916 2767 1090 2864 sapientia
1112 2778 1150 2841 et
1171 2767 1412 2866 intelligentia

429 3011 450 3044 ¹⁸
462 3030 540 3082 porres
550 3029 594 3066 cos
605 3008 667 3082 (ie.
678 3013 749 3080 opud
759 3028 785 3063 v.
796 3028 819 3064 c.
830 3009 870 3080 3.)
919 3025 974 3062 was
985 3014 1014 3062 to
1025 3025 1101 3062 come
1109 3026 1119 3074 ;
1136 3009 1160 3063 it
1176 3025 1242 3079 moy
1252 3009 1286 3064 be
1300 3027 1414 3065 remem-

378 3106 453 3156 must
466 3100 500 3155 be
511 3098 604 3170 joined
618 3103 667 3152 not
677 3095 745 3151 with
756 3099 810 3165 qut,
821 3095 871 3150 but
919 3093 1000 3148 bered
1014 3093 1075 3148 that
1094 3093 1237 3148 Suetonius
1247 3094 1369 3149 remarks
1379 3113 1415 3150 on

379 3187 447 3243 with
453 3188 736 3256 mministroveruot.
753 3184 771 3210 “
781 3181 871 3248 Those
919 3179 966 3234 the
981 3186 1055 3234 vdua
1072 3179 1127 3234 and
1146 3189 1267 3235 coortum
1283 3184 1368 3248 optorto
1384 3198 1416 3235 as

379 3274 473 3343 beings
486 3272 548 3326 who
568 3269 692 3340 supplied
702 3285 759 3338 you
770 3267 871 3322 before·
918 3265 1067 3334 prevailing
1077 3268 1173 3320 oriente
1184 3274 1242 3320 toto.

377 3359 452 3414 hand
462 3358 531 3414 with
544 3357 628 3412 fables
643 3356 753 3424 bearing
767 3371 784 3408 a
798 3355 872 3408 simi-
970 3349 991 3381 ¹⁰
1008 3351 1112 3406 Constr.
1130 3353 1239 3405 Duobus
1254 3355 1323 3406 enim
1333 3355 1415 3420 sipot-

376 3445 461 3514 larity
475 3440 874 3508 tothctrutb,inordertoits
913 3438 1012 3506 ficatio,
1037 3441 1123 3506 primo
1147 3440 1178 3490 in
1201 3439 1346 3492 bumilitate
1370 3442 1416 3506 qni

379 3532 551 3597 destruction,
567 3546 637 3582 were
655 3525 728 3595 fully
742 3542 829 3580 aware
846 3524 877 3579 of
921 3533 1066 3590 modus
1076 3529 1113 3579 est
1124 3561 1183 3573 ......
1191 3524 1300 3577 secundo
1314 3527 1344 3576 to
1354 3527 1415 3578 aab·

380 3609 663 3686 thecomirigevents.”
680 3612 874 3666 Thedoemoncs
922 3611 1029 3665 limitato
1043 3614 1088 3679 put
1102 3612 1218 3663 imminet
1226 3646 1285 3657 ......
1297 3606 1347 3678 [ii]
1362 3627 1416 3663 aon

380 3721 426 3757 aro
440 3701 504 3756 here
515 3701 624 3756 alluded
638 3706 675 3766 to,
687 3699 734 3752 the
747 3702 831 3752 secret
846 3695 877 3749 of
922 3697 1080 3764 intelliycndo
1087 3697 1204 3763 primum
1210 3732 1268 3744 ......
1274 3698 1416 3748 secundum

271 3787 274 3794 '
381 3789 470 3842 whose
477 3785 691 3854 foreknowledge
702 3785 726 3838 is
732 3781 874 3851 explained
922 3798 995 3848 quon
1007 3779 1121 3851 [crpore]
1137 3819 1195 3831 ......
1211 3789 1317 3849 oporam
1331 3799 1416 3835 unum

379 3875 410 3932 in
420 3891 443 3928 c.
454 3875 497 3926 22.
531 3873 663 3941 Compare
674 3888 697 3924 c.
708 3868 751 3929 47.
778 3870 875 3922 Omnia
924 3861 987 3934 (ie.
1005 3866 1093 3922 solum
1110 3865 1179 3936 esse)
1197 3869 1416 3936 coisttmovcruot.

324 4013 326 4018 ,
379 3963 503 4014 adversm
514 3962 646 4013 sadotem
660 3959 690 4010 dc
704 3959 758 4023 ipro
769 3955 876 4007 veritato
924 3951 984 4005 'lhc
995 3953 1082 4007 words
1097 3954 1264 4009 concludendo
1275 3955 1358 4007 seculo
1369 3956 1417 4006 tm-

380 4051 527 4100 oonatructo
537 4050 609 4109 suot,
620 4043 783 4110 operantibus
794 4057 874 4092 oema-
923 4041 1012 4104 mr'oet,
1031 4039 1044 4092 I
1061 4055 1186 4108 presume
1204 4055 1249 4092 are
1263 4038 1418 4107 equivalent

380 4134 500 4186 lotionem
517 4133 596 4183 tatum
614 4129 749 4196 spiritibus
767 4128 873 4179 errorrs.
922 4131 951 4178 to
962 4128 1007 4194 qut
1017 4128 1075 4193 jam
1083 4133 1179 4191 precato
1190 4133 1236 4191 est,
1250 4133 1275 4180 et
1290 4125 1417 4193 qutfirrtet

381 4215 534 4272 Tertulliau
555 4213 578 4268 is
601 4212 730 4280 asserting
749 4209 809 4264 that
826 4217 874 4264 not
921 4213 1036 4264 seculum
1055 4206 1112 4278 (see
1126 4210 1161 4264 ad
1176 4229 1199 4264 c.
1216 4209 1273 4282 48).
1309 4209 1354 4264 On
1371 4211 1417 4264 the

381 4303 446 4372 only
456 4301 504 4356 the
514 4301 597 4364 Jews,
611 4299 662 4352 but
673 4315 740 4351 even
750 4297 797 4351 the
809 4296 874 4350 bea-
921 4300 1064 4364 argument
1078 4312 1120 4348 see
1131 4295 1192 4350 adv.
1203 4295 1312 4351 Judaeos
1322 4296 1355 4350 ad
1371 4296 1417 4350 fin.

381 4389 460 4443 theno
475 4383 546 4457 (ooo)
560 4402 630 4438 were
648 4382 721 4456 fully
732 4399 819 4436 aware
835 4383 873 4452 by
922 4388 950 4436 ct
961 4381 1021 4434 adv.
1034 4380 1118 4436 Marc.
1129 4399 1172 4434 111.
1184 4381 1208 4440 7.

360 4491 473 4552 ¹means
495 4471 526 4527 of
545 4469 680 4540 prophecy
700 4469 760 4524 that
782 4468 873 4522 Christ
973 4463 993 4495 ²⁰
1010 4466 1082 4522 Esai.
1094 4468 1129 4522 vi.
1142 4471 1183 4521 10.
