3300 5180
418 353 489 420 1⁰2
793 369 1058 420 rnnrunnrnur

291 550 374 664 {effi
416 550 558 646 magni;
582 549 729 646 ideoque
753 574 825 622 non
852 551 897 624 ob
920 547 985 624 hoo
1009 552 1141 649 magni,
1168 553 1252 647 qnia
1274 551 1441 648 religiosi.

259 691 403 703 ·“·-·
417 673 537 768 Atqui
558 673 729 770 quomodo
750 675 794 748 ob
814 674 1022 772 religionem
1043 675 1175 773 magni,
1201 677 1327 772 quibus
1348 700 1445 773 mag·

415 798 542 872 nitudo
564 798 607 870 de
630 797 891 894 irreligiositate
914 800 1095 895 provenit!
1142 797 1194 870 Ni
1215 799 1316 874 fallor
1337 801 1445 886 enim,

416 949 518 998 omne
539 949 687 1020 regnum
708 923 767 996 rel
788 925 977 1020 imperium
998 925 1100 1000 bellis
1121 927 1289 1022 quaeritur
1313 937 1349 1000 et
1373 927 1445 1000 vio-

415 1050 514 1122 toriis
543 1059 765 1147 propagatur.
823 1048 934 1122 Porro
963 1050 1056 1124 bella
1085 1062 1121 1124 et
1151 1052 1303 1126 victorie
1334 1051 1446 1150 captis

415 1184 452 1246 et
475 1174 602 1246 eversis
628 1172 821 1270 plurimum
843 1174 988 1248 urbibus
1012 1177 1216 1250 constent¹².
1267 1173 1313 1248 Id
1338 1200 1445 1274 nego-

295 1273 324 1306 ¹'
363 1292 370 1305 '
415 1298 505 1370 tium
529 1299 604 1372 sine
626 1298 770 1372 deorum
789 1300 920 1395 injuria
938 1325 1009 1374 non
1027 1311 1092 1374 est.
1140 1299 1286 1374 Eaedem
1312 1312 1447 1398 strages

414 1425 583 1496 moenium
606 1436 643 1498 et
668 1425 889 1522 templorum,
916 1451 1018 1523 pares
1041 1427 1150 1500 eaedes
1174 1428 1302 1500 civium
1329 1438 1366 1500 et
1391 1453 1444 1500 sa-

414 1548 605 1633 cerdotum,
621 1575 686 1624 neo
699 1550 886 1624 dissimiles
901 1553 1031 1649 rapinae
1048 1579 1221 1626 sacrarum
1239 1553 1443 1628 divitiarum

413 1685 450 1748 et
471 1673 705 1770 profanarum.
757 1674 830 1750 Tot
850 1677 964 1774 igitur
985 1677 1167 1776 sacrilegia
1187 1677 1444 1758 Romanorum,

413 1809 500 1895 quot
527 1809 676 1896 tropaea3
711 1809 765 1872 tot
799 1801 843 1873 de
875 1801 955 1886 diis,
992 1813 1078 1898 quot
1108 1802 1152 1875 de
1184 1804 1350 1900 gentibus
1380 1804 1444 1876 tri-

412 1922 559 2021 umphi;
580 1935 637 1998 tot
654 1927 840 2012 manubia,
860 1939 948 2024 quot
965 1939 1110 2002 manent
1127 1927 1243 2004 adhue
1258 1928 1442 2002 simulacra

413 2051 630 2148 captivorum
652 2052 806 2125 deorum.
854 2053 908 2127 Et
930 2056 973 2127 ab
992 2052 1151 2127 hostibus
1176 2081 1258 2154 ergo
1280 2056 1351 2128 suis
1371 2081 1443 2128 rus-

412 2178 557 2250 tinent¹⁸
581 2178 727 2265 adorari,
753 2189 791 2252 et
816 2178 887 2253 illis
911 2180 1100 2278 imperium
1131 2182 1206 2254 sine
1230 2182 1300 2256 fine
1326 2183 1443 2256 deser-

411 2310 515 2385 nunt,
548 2326 695 2398 quorum
734 2305 846 2402 magis
881 2303 1027 2398 injurias
1062 2330 1167 2402 quam
1201 2306 1443 2380 adolationes1⁴

411 2450 650 2502 remunerasse
684 2429 890 2504 debuerant.
950 2429 1022 2504 Sed
1051 2431 1115 2527 qui
1147 2429 1238 2506 nihil
1272 2434 1444 2518 sentiunt,

410 2562 485 2624 tam
524 2555 670 2651 impune
712 2554 901 2640 laeduntur,
944 2581 1048 2652 quam
1093 2555 1224 2629 frustra
1267 2557 1439 2630 coluntur.

412 2677 516 2750 Certe
537 2703 608 2752 non
627 2689 745 2775 potest
768 2679 851 2752 fidei
877 2680 1071 2764 convenire,
1097 2691 1139 2753 ut
1164 2679 1343 2778 religionis
1368 2707 1442 2756 me·

408 2801 488 2875 ritis
513 2803 705 2876 excrevisse
729 2803 926 2888 videantur,
951 2805 1023 2900 qui,
1050 2813 1092 2877 ut
1117 2807 1366 2904 suggessimus,
1389 2833 1439 2881 re

408 2925 578 3025 ligionem
616 2937 678 3000 aut
714 2926 875 3000 laedendo
915 2939 1108 3015 creverunt,
1152 2942 1214 3003 aut
1256 2932 1441 3006 crescendo

408 3052 611 3126 laeserunt¹⁵.
658 3051 783 3124 Etiam
802 3051 869 3136 illi,
890 3077 1036 3149 quorum
1055 3079 1168 3151 regna.
1187 3056 1336 3130 conflata
1357 3067 1440 3130 sunt

408 3181 447 3252 iu
474 3179 614 3276 imperii
647 3179 802 3252 Romani
833 3203 1018 3265 summam,
1047 3205 1126 3254 oum
1159 3205 1200 3254 ea
1225 3183 1439 3268 amitterent,

409 3306 483 3379 sine
508 3305 736 3402 religionibus
759 3329 830 3376 non
857 3303 1011 3378 fuerunt.

457 3578 598 3636 ”bellust
622 3583 737 3635 olotora‘oe
759 3586 897 3640 emtam
946 3578 1439 3648 readingisbynomsansoertatn;

409 3665 480 3720 “the
490 3667 632 3732 materiale,
645 3684 675 3720 or
688 3672 789 3731 events,
801 3665 832 3720 of
845 3683 900 3720 war
947 3663 997 3717 but
1011 3663 1119 3718 odolois
1137 3664 1193 3718 said
1209 3669 1237 3720 to
1251 3665 1283 3718 be
1296 3667 1439 3720 eonneoted

407 3768 461 3817 are,
481 3749 564 3818 &o.;”
588 3770 616 3806 so
635 3753 727 3818 above,
747 3770 789 3806 res
809 3755 899 3805 diotae
947 3747 1014 3802 with
1034 3763 1068 3802 an
1085 3748 1129 3803 old
1145 3750 1215 3804 form
1232 3753 1269 3804 olo
1284 3751 1439 3819 equivnlont

407 3839 555 3893 dmuloora's
564 3840 701 3892 oonatobot.
946 3840 974 3887 to
991 3836 1050 3898 oola,
1062 3833 1151 3892 whioh
1167 3837 1241 3905 gives
1257 3836 1303 3890 the
1319 3854 1394 3894 noun
1409 3839 1438 3896 iu

457 3918 478 3952 1⁸
493 3925 631 3987 sustinent,
654 3940 680 3976 v.
702 3921 736 3976 sd
759 3939 782 3975 e
803 3924 829 3974 8.
851 3919 898 3976 tho
946 3919 993 3974 the
1010 3925 1077 3974 text.

406 4007 667 4062 nominativeisDat'
679 4010 779 4074 ooptioi.
795 4009 898 4072 imperi
996 4004 1017 4035 ¹⁶
1041 4009 1119 4061 ewra
1141 4008 1188 4071 illi,
1213 4005 1263 4060 &n
1286 4007 1333 4064 the
1359 4026 1438 4080 argu·

405 4111 452 4148 nm
467 4095 524 4146 sino
532 4092 597 4158 fine,
608 4091 655 4146 the
673 4093 759 4146 words
775 4107 821 4144 aro
837 4108 897 4160 pro-
945 4098 1020 4147 ment
1031 4093 1054 4146 is
1065 4092 1133 4146 this:
1148 4092 1265 4160 Resides,
1276 4094 1323 4148 the
1333 4095 1440 4150 notione

406 4179 487 4248 bably
498 4177 610 4231 allusive
621 4183 650 4231 to
662 4178 725 4232 AEn.
738 4193 757 4231 1.
769 4177 829 4243 279,
840 4177 896 4232 liloe
943 4179 1094 4246 oonquered
1111 4178 1149 4246 by
1166 4177 1212 4232 the
1230 4179 1348 4236 Romans
1367 4199 1439 4236 were

405 4263 699 4332 otherexpressionsin
710 4264 756 4318 the
768 4263 884 4332 chapter.
942 4257 1140 4333 el'so‘religious
1160 4265 1190 4320 in
1207 4265 1279 4322 their
1298 4284 1367 4336 wey,
1384 4267 1437 4324 and

456 4349 476 4382 ¹⁴
492 4352 621 4411 adolotto;
648 4347 702 4402 this
721 4349 745 4404 is
764 4349 862 4404 almost
878 4366 896 4402 s
944 4349 1076 4404 therefore
1089 4350 1216 4406 desersed
1230 4370 1259 4408 ss
1270 4353 1332 4407 well
1345 4360 1373 4410 et
1389 4353 1438 4410 tte

404 4436 523 4507 singulm
545 4437 663 4492 instmroe
686 4435 717 4490 of
737 4435 783 4490 the
805 4453 895 4492 oeeur-
943 4434 1028 4490 hands
1046 4435 1078 4490 of
1097 4436 1143 4491 the
1165 4437 1239 4506 gods,
1255 4456 1286 4494 so
1305 4439 1365 4496 that
1384 4454 1436 4496 one

404 4540 482 4578 renoe
496 4523 527 4578 of
539 4522 593 4578 this
607 4522 689 4588 word,
704 4522 757 4578 and
771 4521 834 4578 hers
847 4521 894 4577 the
942 4539 1000 4578 ease
1017 4521 1138 4593 destroys
1152 4523 1198 4578 the
1216 4524 1300 4580 other.
