3300 5180
394 329 464 396 152
773 345 1040 396 'rau'ronnrxur
1099 363 1101 368 ·

258 540 353 648 fligi·
393 551 537 625 negans,
562 524 763 622 AEsculapio
779 536 897 598 tantan
919 524 1154 622 gallinaceum
1173 523 1344 622 prosecari
1356 525 1431 618 jam

236 685 378 695 ---
394 653 432 726 iu
450 652 536 724 fine⁶
557 651 719 746 jubebat,
737 648 839 722 credo
862 651 907 722 ob
925 646 1093 722 honorem
1113 649 1225 746 patris
1244 651 1335 744 eJus,
1350 648 1434 744 quia

397 779 574 852 Socratem
604 775 741 874 Apollo
770 776 1070 874 sapientissimum
1099 775 1258 850 omnium
1293 774 1433 848 cecinit

321 911 322 918 ’
396 903 665 1002 OApolliu'em
691 901 1012 975 inconsideratum!
1061 901 1252 998 Sapientiae
1276 900 1436 972 testimo.

396 1031 496 1102 uium
521 1027 679 1102 reddidit
705 1029 738 1100 ei
761 1028 847 1112 viro,
881 1028 942 1124 qui
968 1028 1122 1124 negabat
1146 1024 1230 1100 deos
1254 1051 1340 1100 esse.
1389 1023 1435 1096 In

397 1165 570 1253 quantum
588 1152 726 1226 (ιιιίιιιιι7
752 1152 879 1250 flagrat
897 1153 1037 1237 veritas,
1062 1153 1098 1226 iu
1119 1163 1261 1226 tantum
1279 1151 1340 1248 qui
1359 1173 1435 1228 eam

398 1305 441 1354 ex
469 1278 540 1352 fide
566 1288 711 1375 prestat
738 1276 911 1364 offendit3
947 1278 1009 1374 qui
1044 1289 1163 1352 autem
1191 1275 1371 1351 adulterat
1400 1285 1437 1350 et

397 1407 552 1490 affectat,
577 1402 644 1476 hoc
667 1403 822 1478 maxime
847 1403 991 1478 nomine
1015 1404 1166 1500 gratiam
1192 1403 1319 1500 pangit
1342 1400 1438 1498 apud

398 1533 625 1606 insectatores
650 1530 821 1602 veritatis.
874 1531 1022 1604 Mimioe
1047 1527 1247 1627 philosophi
1268 1529 1439 1603 affectant

399 1657 584 1732 veritatem
609 1666 646 1726 et
663 1653 862 1728 affectando
883 1665 1124 1751 corrumpunt,
1145 1665 1187 1726 ut
1209 1652 1270 1750 qui
1289 1651 1438 1749 gloriam

399 1791 565 1876 captant:
594 1775 789 1852 Christiani
811 1801 887 1850 eam
907 1779 1100 1852 necessario
1125 1787 1301 1874 appetunt
1324 1787 1362 1849 et
1384 1776 1441 1848 iu-

400 1919 498 2003 tegre
519 1917 700 2003 praestant,
731 1915 773 1976 ut
799 1905 861 2000 qui
889 1903 997 1979 saluti
1030 1927 1102 1978 sure
1131 1907 1284 1982 curant⁸.
1335 1901 1440 1978 Adeo

399 2055 514 2127 neque
539 2028 583 2104 de
611 2029 760 2104 scientia
787 2053 901 2125 neque
929 2028 974 2102 de
998 2027 1197 2127 disciplina,
1224 2039 1267 2101 ιιι
1291 2027 1440 2124 putatis,

399 2177 588 2252 aequamur.
640 2152 739 2239 Quid
762 2153 858 2226 enirn
888 2151 1022 2226 Thalea
1043 2153 1106 2226 ille
1131 2153 1293 2252 princeps
1319 2149 1441 2250 physi-

399 2303 519 2353 corum
553 2279 748 2352 sciscitanti
774 2276 896 2352 Croeso
923 2278 968 2352 tle
996 2278 1186 2352 divinitate
1217 2290 1352 2353 certum
1387 2303 1442 2356 re·

399 2395 593 2491 nuntiavit,
612 2417 828 2484 commeatus
852 2403 1072 2478 deliberandi
1090 2431 1181 2504 saepe
1203 2400 1439 2481 frustratus⁹?

398 2533 518 2610 Deum
542 2530 694 2628 quilibet
717 2529 836 2626 opifex
860 2527 1084 2606 Christianus
1107 2541 1146 2606 et
1164 2531 1303 2606 invenit
1329 2540 1366 2606 et
1386 2553 1440 2606 os·

399 2656 517 2730 tendit
539 2667 578 2729 et
611 2655 740 2730 exinde
766 2667 896 2742 totum,
922 2656 1016 2752 quod
1041 2657 1079 2732 in
1106 2657 1172 2732 deo
1195 2658 1377 2754 quaeritur,
1401 2681 1439 2734 re

397 2805 537 2880 quoque
566 2783 745 2880 assignat3
785 2781 871 2856 licet
898 2781 1004 2856 Plato
1025 2783 1178 2858 affirmet
1200 2777 1438 2860 factitatorem

397 2908 640 2991 universitatis
675 2925 790 3005 neque
822 2908 973 2984 inveniri
1008 2909 1145 2983 facilem
1181 2921 1218 2986 et
1249 2912 1437 2984 inventum

448 3212 505 3266 ἰιι
525 3214 605 3282 firm
640 3213 659 3266 i.
679 3230 702 3266 e.
726 3215 785 3280 jam
814 3218 895 3267 mute
943 3230 1016 3279 roua,
1035 3214 1088 3270 eud
1104 3212 1237 3284 Apuleius
1255 3209 1349 3284 (Apol.
1364 3213 1443 3285 too.)-

392 3307 527 3367 proeeonto,
539 3317 569 3354 aa
579 3298 613 3354 de
623 3297 716 3352 Anim.
727 3315 751 3354 c.
763 3301 787 3354 1.
816 3296 895 3352 Tuci·
942 3301 1004 3354 solia
1020 3302 1174 3366 dominibus,
1198 3309 1224 3356 et
1241 3317 1331 3355 aarum
1345 3302 1440 3368 moute

388 3392 445 3442 tua
463 3401 526 3444 usos
545 3380 592 3440 the
611 3383 677 3438 verb
684 3401 693 3449 ;
717 3387 755 3437 aio
775 3385 896 3438 Tiberine
943 3403 1045 3442 eurora.
1089 3385 1132 3440 Dr
1153 3384 1260 3440 Aahton
1281 3391 1377 3454 quotes
1398 3385 1440 3439 in·

387 3470 488 3537 finiuit.
523 3469 584 3524 The
595 3469 751 3539 expression
767 3469 895 3524 hasbeen
943 3477 1046 3526 stannes
1076 3471 1108 3526 of
1135 3470 1190 3526 this
1220 3471 1341 3541 regimen
1367 3469 1440 3524 from

393 3553 546 3614 illustratad
554 3555 592 3624 by
599 3555 894 3612 Perizoniusnanler.
945 3556 1066 3622 ΡῙιιιιιιιι,
1088 3556 1150 3624 aud,
1166 3557 1205 3626 hy
1223 3573 1241 3611 a
1261 3561 1333 3610 most
1349 3561 1440 3611 extra·

397 3639 473 3692 Max.
485 3658 514 3694 ιι.
527 3644 552 3694 6.
564 3637 589 3700 7.
618 3639 727 3721 sthttle
737 3640 894 3696 afterwards
942 3640 1440 3710 ordinary-misooneeption,addsllor.

396 3729 569 3782 testimonium
582 3753 586 3796 1
599 3728 709 3782 reddidit
738 3727 761 3780 is
792 3726 893 3796 simply
939 3725 1028 3794 Epist.
1041 3744 1060 3782 1.
1072 3730 1098 3781 2.
1109 3731 1152 3782 49.
1175 3729 1341 3782 Nouooimo
1351 3745 1438 3794 curua,

394 3809 551 3879 equivalont
588 3817 618 3866 to
660 3812 810 3880 teat‘fiootua
847 3819 893 3876 eat,
942 3812 1073 3882 probably
1083 3813 1197 3882 quoting
1206 3812 1276 3866 hum
1287 3829 1422 3882 memory.

391 3894 501 3964 though
520 3913 561 3951 we
582 3896 638 3950 had
661 3897 683 3952 it
704 3896 771 3952 with
790 3914 808 3952 a
827 3913 893 3965 very
993 3893 1252 3966 ⁹.oommoatua.ooepe
1260 3900 1437 3966 smatrotuu

395 3981 520 4038 different
537 3981 663 4052 meaning
679 3983 708 4039 in
725 4000 749 4036 o.
767 3985 808 4035 14.
938 3983 988 4038 ie.
1001 3983 1123 4054 “having
1133 3983 1439 4053 repeatsdyfmsuated

388 4119 394 4127 ,
447 4066 569 4122 ⁷odtum.
611 4066 653 4120 Dr
675 4067 781 4122 Ashton
804 4067 894 4122 would
944 4064 1099 4138 (employed
1133 4067 1359 4141 unsucoeasfully)
1390 4068 1440 4123 the

390 4153 458 4212 read
473 4155 619 4218 oddo,soas
633 4159 662 4206 to
678 4152 759 4206 make
770 4156 801 4206 ιἰι
811 4170 893 4221 puca-
943 4154 1034 4224 delays
1051 4153 1112 4208 that
1129 4171 1200 4208 were
1219 4154 1332 4224 granted
1354 4153 1441 4210 him.'.'

395 4248 452 4298 tom
463 4237 567 4306 merely
577 4254 681 4292 auswer
694 4244 722 4292 to
737 4242 768 4294 in
781 4244 893 4304 mutum,
945 4239 998 4294 For
1015 4247 1169 4294 commeatus
1185 4257 1228 4294 soe
1246 4258 1269 4294 o.
1287 4242 1331 4294 32.
1372 4243 1439 4295 diod-

397 4325 409 4378 1
429 4323 527 4389 think„
538 4321 676 4392 correctly.
912 4383 917 4392 ,
936 4328 1013 4378 ottae
1028 4325 1058 4378 in
1075 4322 1132 4377 this
1144 4341 1252 4396 passage
1267 4343 1360 4382 means
1371 4326 1440 4382 divi-

447 4408 554 4470 aureo
576 4426 632 4466 ruo
654 4416 758 4466 curant.
803 4409 838 4463 So
859 4411 892 4465 de
942 4410 1002 4476 nity
1024 4409 1053 4462 in
1076 4407 1122 4464 the
1141 4409 1265 4475 abstinet,
1285 4429 1315 4466 aa
1336 4411 1349 4464 1
1370 4411 1439 4466 have

396 4495 468 4550 Cult.
484 4495 568 4549 From.
584 4515 606 4549 e.
621 4498 644 4548 1.
662 4495 891 4563 offectiouiprocu-
941 4493 1083 4564 explained
1095 4497 1312 4552 dioiottoaoastro
1324 4497 1437 4566 inputa
