3306 5176
512 324 627 374 ulnus
653 323 960 376 nronoesrrcus.
1205 308 1250 372 17

210 503 440 600 repurgandae
465 504 561 601 leges
585 505 711 591 latent,
736 531 823 603 quas
847 529 994 601 neque
984 525 1156 577 annorum
1183 527 1249 576 nu·
1296 511 1375 619 qq?

211 650 339 712 merus,
361 654 476 726 neque
497 631 719 704 conditorum
743 632 901 730 dignitas
927 629 1160 716 commendat,
1187 630 1408 704 sed-³·-

210 754 360 848 aequitas
380 756 495 829 sola⁹P
523 768 560 830 et
585 758 665 830 ideo
688 783 767 830 cum
788 759 919 854 iniquae
940 767 1247 854 recognoscuntur,

211 879 338 952 merito
371 879 596 966 damnantur,
628 882 714 956 lieet
745 882 927 954 damnent.
975 881 1165 968 Quomodo
1194 883 1249 954 in·

210 1001 311 1098 iquas
350 1003 528 1079 dicimus?
578 1008 661 1092 imo,
698 1009 727 1080 si
763 1032 893 1080 nomen
929 1008 1097 1104 puniunt,
1138 1008 1247 1080 etiam

211 1129 350 1202 stultae.
404 1130 443 1203 Si
460 1158 541 1204 vero
562 1131 667 1218 facta,
693 1159 754 1206 cur
778 1135 816 1206 in
833 1133 935 1206 nobis
953 1132 998 1206 de
1015 1132 1088 1205 solo
1104 1134 1247 1206 nomine

211 1255 366 1349 puniunt
401 1241 505 1343 facta,
542 1284 620 1356 quae
658 1260 695 1332 in
725 1259 804 1332 aliis
832 1259 877 1331 de
905 1258 1068 1343 admisso,
1098 1283 1169 1330 non
1203 1259 1248 1332 de

210 1380 353 1452 nomine
390 1383 570 1478 probanda
605 1383 809 1457 definiunt?
863 1382 1027 1456 Incestus
1064 1409 1154 1469 sum,
1186 1409 1248 1458 cur

157 1515 160 1522 ’
207 1507 280 1578 'non
311 1510 523 1604 requirunt?
562 1512 784 1592 infanticida,
813 1537 875 1584 cur
903 1535 976 1583 non
1007 1514 1245 1608 extorquent?

210 1630 247 1703 in
289 1633 382 1720 deos,
420 1636 458 1708 in
492 1663 633 1712 caesares
670 1637 807 1736 aliquid
842 1639 1036 1722 committo,
1074 1661 1136 1710 cur
1175 1661 1246 1708 non

210 1758 344 1846 audior,
377 1763 438 1858 qui
467 1761 590 1848 habeo,
624 1790 693 1862 quo
718 1767 877 1862 purger?
925 1762 1041 1837 Nulla
1065 1764 1125 1837 lex
1149 1775 1247 1836 vetat

207 1882 352 1970 discuti,
378 1887 473 1983 quod
494 1888 660 1986 prohihet
684 1889 851 1978 admitti3
890 1891 974 1987 quia
996 1915 1112 1986 neque
1132 1891 1247 1986 judex

205 2012 304 2104 juste
326 2011 518 2099 ulciscitur,
536 2016 606 2088 nisi
632 2027 818 2114 cognoscat
843 2015 1036 2088 admissum
1058 2016 1247 2113 essequod

209 2160 281 2207 non
301 2135 408 2224 licet3
433 2163 548 2235 neque
574 2141 659 2212 civis
681 2139 835 2214 fideliter
857 2139 930 2236 legi
951 2141 1167 2236 obsequitur,
1193 2142 1248 2237 ig-

209 2281 349 2344 norans,
379 2262 483 2358 quale
506 2265 564 2348 sit,
599 2264 694 2360 quod
718 2264 912 2336 ulciscitur.
960 2261 1074 2337 Nulla
1095 2264 1155 2338 lex
1178 2266 1246 2338 sibi

209 2383 275 2456 soli
307 2388 556 2460 conscientiam
585 2389 739 2484 justitiae
778 2414 850 2461 suae
886 2388 1004 2473 debet,
1042 2389 1104 2462 sed
1140 2391 1191 2478 eis
1225 2417 1247 2463 a

210 2509 338 2604 quibus
372 2512 577 2608 obsequium
613 2517 834 2609 exspectat¹⁰.
890 2513 1057 2586 Ceterum
1086 2527 1247 2612 suspecta

209 2634 269 2708 lex
294 2647 358 2722 est,
387 2664 465 2736 quae
489 2641 628 2736 probari
654 2666 691 2713 se
715 2665 787 2712 non
813 2639 904 2724 vult,
930 2641 1090 2738 improba
1116 2653 1248 2730 autern,

208 2763 240 2834 si
265 2789 336 2836 non
361 2767 509 2860 probata
533 2766 748 2840 dominetur.

283 2888 335 2960 V.
386 2889 446 2964 Ut
475 2890 520 2963 de
552 2891 688 2989 origine
721 2891 859 2988 aliquid
890 2904 1020 2965 retract
1022 2918 1121 2965 emus
1155 2895 1248 2988 ejus·
1232 2911 1399 2969 -Asainstut

1259 2969 1316 3027 they
1324 2970 1384 3019 have

209 3013 306 3086 modi
321 3013 453 3111 legum,
480 3026 581 3088 vetus
607 3027 683 3089 erat
708 3015 901 3098 decretum,
930 3042 975 3089 ne
1002 3018 1064 3114 qui
1089 3017 1177 3089 deus
1202 3017 1403 3148 abpprecngffly

208 3141 420 3238 imperatore
450 3152 719 3227 consecraretur,
754 3143 823 3215 nisi
859 3168 879 3214 a
914 3153 1040 3216 senatu
1065 3143 1245 3239 probatus.
1258 3146 1351 3263 blssss'

211 3264 287 3340 Scit
313 3268 368 3340 Μ.
393 3267 562 3340 AEmilius
594 3267 639 3340 de
664 3267 730 3340 deo
755 3292 819 3339 suo
845 3265 1025 3339 Alburno.
1079 3265 1186 3340 Facit
1210 3264 1399 3382 etghsseff*

209 3389 275 3465 hoc
295 3392 341 3465 ad
362 3418 518 3468 caussam
537 3403 704 3476 nostram,
727 3392 835 3488 quod
843 3391 937 3488 apud
954 3416 1015 3464 vos
1031 3391 1075 3464 de
1091 3389 1247 3465 humano
1259 3392 1405 3498 {ssffissffi

257 3670 412 3741 ⁹AEqua'tos
428 3673 488 3724 solo.
530 3667 619 3722 There
641 3684 706 3735 may
755 3667 861 3736 quality
881 3665 972 3721 which
994 3667 1080 3736 ought
1101 3673 1131 3722 to
1152 3684 1249 3722 ensure

206 3777 308 3829 appear
322 3765 351 3813 at
365 3759 424 3812 first
438 3756 511 3826 sight
526 3761 555 3808 to
570 3753 705 3808 beacon-
753 3753 829 3809 them
874 3757 986 3822 respect,
1031 3754 1092 3818 viz„
1126 3754 1249 3807 intrinsio

207 3846 349 3900 tradiction
365 3846 395 3899 in
411 3843 458 3898 the
474 3847 616 3910 argument
628 3839 702 3905 hore,
750 3841 858 3910 justice,
885 3837 976 3893 which
1001 3838 1026 3892 if
1050 3839 1118 3909 they
1146 3857 1248 3909 possess

207 3949 237 3986 as
250 3931 297 3985 the
311 3931 378 3986 lans
392 3948 437 3984 are
450 3927 588 4000 presently
599 3925 703 3980 termed
751 3927 825 3993 not,'’
838 3925 888 3981 &a

207 4021 326 4088 talpam
341 4017 392 4070 but
402 4016 450 4070 the
460 4015 587 4082 meaning
598 4014 629 4066 of
637 4013 704 4066 Ter·
803 4012 823 4044 ¹⁰
841 4016 859 4042 “
868 4013 957 4067 There
972 4013 1044 4067 isno
1056 4013 1110 4067 law
1121 4013 1211 4067 which
1225 4014 1249 4068 is

208 4105 307 4160 tullian
323 4101 494 4157 is—“whioh
510 4100 580 4154 have
597 4097 703 4152 neither
752 4099 844 4154 bound
862 4105 892 4154 to
911 4117 994 4168 prove
1012 4100 1048 4154 its
1064 4100 1165 4168 justice
1182 4099 1248 4168 only

207 4184 703 4262 longantiquity,norfamousauthors
752 4192 780 4240 to
797 4185 879 4251 itself‚
893 4185 916 4240 it
934 4203 1005 4240 owes
1022 4185 1090 4240 such
1105 4203 1124 4240 a
1138 4185 1249 4240 demon-

208 4285 238 4333 to
260 4274 401 4334 commend
430 4273 514 4337 them,
537 4272 591 4328 and
612 4271 703 4324 which
751 4271 966 4326 stratiouslsoto
975 4271 1051 4327 those
1060 4271 1149 4326 whose
1158 4269 1247 4324 obedi-

208 4362 341 4426 therefore
367 4365 441 4414 must
468 4357 501 4414 ba
529 4359 636 4413 thrown
662 4357 704 4412 for
753 4374 816 4410 ense
828 4357 851 4410 it
862 4356 994 4426 expects.”

208 4455 321 4519 support
343 4464 379 4500 ou
404 4444 450 4499 the
476 4444 531 4498 sole
554 4445 704 4514 remaining

309 4554 331 4618 2
