3306 5176
528 345 644 395 moen
670 343 971 394 aponocerucus.
1210 328 1256 398 73

223 549 290 597 uus
315 523 482 620 ipsorum.
531 524 707 622 Dispersi,
734 524 937 622 palabundi,
964 533 1000 598 et
1026 523 1105 598 coeli
1129 535 1166 597 et
1192 523 1257 598 soli
1302 521 1385 628 §3453

223 650 278 721 sui
300 659 453 723 extorres
473 659 647 747 vagantur
668 675 731 747 per
752 651 870 722 orbem
892 650 967 722 sine
986 644 1159 735 homine⁸‚
1182 650 1421 723 sine-“-

222 773 289 847 deo
305 799 400 872 rege,
414 775 541 870 quibus
557 801 623 848 nec
637 774 850 848 advenarum
863 777 946 870 jure
959 784 1087 848 terram
1105 775 1256 872 patriam

222 899 346 973 saltem
364 901 514 997 vestigio
538 901 690 974 salutare
711 901 925 975 conceditur.
974 897 1068 974 Cum
1088 898 1164 974 haec
1184 901 1257 974 illis

223 1035 354 1098 sanctae
383 1050 484 1100 voces
514 1027 817 1124 praeminarentur,
852 1025 985 1100 eaedem
1017 1024 1090 1098 fere
1121 1051 1257 1124 semper

220 1175 342 1223 omnes
366 1151 592 1248 ingerebant⁹
617 1149 701 1236 fore,
728 1151 784 1224 uti
813 1153 877 1224 sub
902 1151 1046 1224 extimis
1075 1151 1256 1225 curriculis

222 1275 331 1349 seculi
357 1301 401 1350 ex
422 1278 519 1350 omni
540 1281 614 1374 jam
631 1287 739 1374 gente
759 1288 796 1351 et
812 1277 943 1375 populo
960 1288 997 1350 et
1013 1277 1088 1350 loco
1106 1277 1256 1351 cultores

220 1400 289 1472 sibi
308 1399 476 1497 allegeret
498 1401 585 1474 deus
602 1401 716 1475 multo
733 1401 918 1487 fideliores,
931 1403 972 1474 in
994 1428 1080 1499 quos
1102 1403 1254 1501 gratiam

220 1524 435 1612 transferret,
451 1537 488 1599 et
500 1526 693 1623 pleniorem
711 1527 853 1625 quidem
871 1529 915 1600 ob
932 1526 1128 1625 discipliuae
1142 1527 1255 1600 aucti-

219 1651 288 1723 oris
317 1652 559 1748 capacitatem.
611 1653 732 1748 Hujus
756 1653 869 1750 igitur
896 1653 1020 1750 gratiae
1045 1652 1255 1750 disciplina-

218 1800 287 1872 que
304 1776 435 1849 arbiter
453 1786 490 1849 et
506 1777 684 1874 magister,
695 1776 916 1850 illuminator
933 1788 1040 1874 atque
1057 1777 1226 1852 deductor
1234 1783 1256 1818 ¹⁰

217 1903 356 1996 generis
381 1899 539 1986 humani,
565 1903 660 1976 filius
684 1903 742 1976 dei
765 1903 1056 1989 annunciabatur,
1081 1929 1152 1977 non
1176 1906 1254 2002 qni-

218 2025 300 2099 dem
329 2027 381 2100 ita
408 2027 562 2123 genitus,
585 2038 628 2101 ut
655 2029 836 2102 erubescat
863 2029 907 2102 de
931 2028 997 2100 iilii
1023 2031 1166 2102 nomine
1191 2041 1254 2103 ant

217 2150 263 2224 de
291 2153 402 2248 patris
431 2155 589 2241 semine;
626 2179 697 2227 nou
724 2155 781 2227 de
795 2155 919 2228 sororis
948 2156 1093 2241 incesto,
1118 2180 1183 2228 nee
1209 2155 1253 2228 de

217 2277 437 2373 stupro'filiae
455 2289 518 2352 aut
534 2281 694 2376 conjugis
710 2279 834 2352 alienae
851 2279 959 2352 deum
975 2291 1112 2377 patrem
1130 2306 1253 2377 passus

213 2406 310 2487 est¹¹,
329 2415 551 2499 squamatum
570 2414 633 2476 aut
651 2414 836 2477 cornutum
861 2415 923 2478 aut
940 2403 1140 2501 plumatum
1159 2431 1254 2479 ama·
1365 2473 1369 2481 .

267 2763 277 2793 ⁸
293 2768 350 2820 rice
366 2769 474 2832 emim,
492 2770 549 2822 sine
568 2769 612 2820 deo
631 2783 707 2835 repc,·
758 2765 811 2818 aud
823 2763 913 2820 which
927 2764 1059 2820 therefore
1073 2766 1170 2822 should
1182 2785 1253 2822 com-

216 2849 332 2918 Scoliger
353 2851 487 2905 corrected
509 2851 565 2906 this
587 2855 643 2906 sinc
664 2869 710 2905 ao·
758 2851 841 2904 mand
858 2851 929 2906 their
948 2852 1037 2918 belief,
1055 2853 1169 2908 foretold
1188 2854 1252 2920 also,

216 2938 305 2995 mice;
330 2935 383 2988 aud
399 2935 504 3006 though
523 2937 642 3006 possibly
663 2935 710 2991 the
760 2935 810 2991 &a
839 2941 868 2991 ob
884 2941 1025 3006 discipline
1040 2943 1164 2994 auctioris
1179 2958 1253 3007 capo-

214 3020 331 3074 allusion
344 3038 408 3090 may
422 3023 456 3077 be
471 3029 500 3076 to
515 3022 562 3077 the
576 3023 621 3077 old
635 3021 710 3078 theo·
759 3027 869 3078 citatem.
892 3021 1015 3092 [seilicet
1025 3027 1090 3095 quia
1100 3025 1150 3092 illi,
1162 3033 1253 3080 contre
1299 3059 1302 3066 ι

216 3123 296 3174 crecy
316 3105 406 3161 which
423 3107 471 3162 the
488 3107 563 3162 Jews
584 3108 638 3162 hed
656 3108 709 3162 for·
758 3125 840 3177 qnam
863 3108 960 3175 Judaei,
983 3109 1101 3164 humiles
1123 3117 1199 3166 erant
1222 3129 1253 3166 ac

216 3191 543 3258 feited‚eswellastheir
553 3193 643 3248 native
654 3194 710 3248 line
759 3194 857 3248 dociles
896 3201 924 3248 et
963 3195 997 3249 ed
1035 3197 1251 3266 amplectendam

216 3276 247 3330 of
255 3278 413 3346 sovereigns,
424 3285 472 3348 yet
482 3296 556 3348 upon
566 3278 614 3333 the
623 3279 710 3333 whole
759 3279 861 3335 Christi
886 3280 1053 3349 disciplinam
1077 3281 1185 3340 εὔθετοι
1209 3285 1253 3342 καὶ

218 3362 231 3414 Ῑ
244 3363 340 3417 8110111(1
356 3363 437 3418 think
448 3363 495 3418 the
507 3370 568 3418 text
578 3364 710 3418 Ullflffimd·
759 3369 926 3445 τεταγμένοι
937 3383 1028 3443 atque,
1035 3382 1067 3430 ut
1075 3377 1113 3432 ait
1122 3378 1146 3432 S.
1157 3379 1252 3448 Lucas,

207 3467 262 3504 ’Μ
284 3453 443 3504 adimarum
460 3455 523 3518 sure
539 3466 631 3504 means
648 3453 711 3505 ‘Mt
759 3465 879 3540 depictos
899 3466 1076 3548 ἀπεδέξαντο
1092 3469 1146 3539 Ιτόν
1165 3471 1253 3546 λόγον

214 3536 375 3590 eveninthc
384 3535 557 3590 characteres
562 3536 710 3605 strengers!
760 3563 856 3622 αὐτοῦ.
889 3563 942 3640 A.]

267 3618 447 3690 ”inperciaut
457 3640 471 3684 ,·
511 3622 709 3692 “perpetuelly

216 3705 301 3774 urged
314 3708 361 3761 the
372 3707 435 3774 fact,
446 3708 532 3774 thet,”
545 3707 595 3762 &c
607 3709 655 3762 the
666 3727 711 3778 ge-

216 3791 292 3844 neral
303 3809 376 3848 sense
387 3795 418 3848 of
426 3799 540 3864 irrpererc
550 3796 574 3848 is
584 3801 613 3849 to
621 3795 711 3850 thrust

216 3875 712 3950 athingrepeatedlyandevenobtru·
799 3935 806 3948 ,
1082 3937 1088 3948 .

217 3961 303 4030 sively
313 3979 375 4017 ona
389 3983 499 4034 persom
513 3961 708 4038 (Jnv.v1.609)
759 3941 838 3988 twroe
849 3952 909 3989 uses
917 3933 964 3989 the
974 3953 1126 4003 expression
1133 3939 1253 3992 deductor

216 4046 570 4116 soacypmadnemetr'
582 4057 710 4106 ⁰⁸]de-
758 4025 874 4076 ceritatis
896 4021 964 4074 with
992 4021 1124 4076 reference
1153 4029 1181 4077 to
1206 4023 1252 4078 the

216 4136 251 4188 tes
269 4141 316 4188 toa
329 4137 487 4202 impudenter
500 4141 614 4206 inperare
632 4157 710 4207 quam
760 4105 873 4174 spirim
886 4106 1003 4160 smus·
1112 4175 1113 4180 κ

216 4228 306 4274 codro
313 4223 440 4288 patienter
451 4225 542 4277 audire
548 4241 562 4284 ;
580 4223 627 4278 the
638 4224 710 4279 force
810 4223 829 4254 ¹²
844 4243 937 4293 posuis
952 4235 989 4282 cet
997 4245 1010 4289 ;
1028 4227 1084 4282 this
1098 4229 1252 4298 expression

216 4305 247 4359 of
256 4308 347 4360 ecdem
358 4306 387 4358 in
402 4305 457 4359 this
473 4313 596 4362 sentence
606 4310 644 4363 is:
663 4310 710 4365 the
759 4311 782 4364 ie
802 4311 896 4380 nearly
913 4313 1068 4382 equivalent
1087 4320 1115 4368 to
1133 4321 1252 4382 ceperim

215 4390 338 4446 selfsame
356 4391 511 4461 prophecies
531 4393 619 4448 which
641 4396 710 4450 fore-
759 4403 804 4461 cst,
823 4413 854 4449 or
868 4401 976 4460 totuin
999 4408 1098 4466 patrem
1115 4402 1146 4453 de
1163 4407 1251 4467 stupro

216 4476 271 4531 told
284 4477 354 4532 their
365 4495 426 4532 now
435 4477 543 4532 verified
555 4479 708 4549 dispersion,
759 4482 781 4535 is
792 4481 848 4536 like
856 4501 903 4551 per
919 4493 1047 4552 stuprum.

810 3675 830 3706 ¹⁰
847 3679 974 3731 Mucios.
1010 3675 1078 3730 This
1089 3685 1252 3735 wasaterm

758 3762 865 3832 applied
900 3768 928 3816 to
957 3761 1004 3815 the
1032 3763 1113 3832 {pride
1141 3765 1171 3818 in
1205 3766 1252 3820 the

759 3849 1073 3916 Eleusinianmysteries.
1100 3849 1125 3902 T
1126 3851 1253 3906 ertulliau
