3306 5176
502 355 620 406 crass
645 355 948 407 sronoonsrcos.
1193 337 1237 408 81

205 537 337 620 orbem,
353 561 398 610 ex
420 547 593 633 praecepto
612 536 774 634 magistri
794 536 852 611 dei
871 537 1243 634 paruerunt³¹,.qi1i·e'ti
1287 552 1368 666 {pf

206 661 275 758 ipsi
292 686 313 733 a
332 661 469 734 Judaeis
493 662 761 758 insequentibus
786 661 901 734 multa
925 661 1089 759 perpessi,
1115 645 1398 758 utique--ss-

205 811 268 882 pro
295 785 424 860 fiducia
449 785 610 859 veritatis
634 785 797 872 libenter,
828 785 955 860 Romae
973 801 1157 883 postremo
1178 812 1244 884 per

207 909 362 984 Neronis
384 912 566 997 sevitiam,
591 911 798 1008 sanguinem
823 908 1068 984 Christianum
1091 911 1242 985 semina-

208 1048 346 1110 verunt.
415 1035 485 1110 Sed
517 1037 789 1111 monstrabimus
821 1037 919 1110 vobis
952 1035 1095 1110 idoneos
1133 1048 1241 1112 testes
1286 1123 1295 1142 ,

210 1161 354 1248 Christi,
379 1163 473 1261 ipsos
502 1162 594 1249 illos,
622 1173 710 1260 quos
736 1163 924 1237 adoratist.
976 1161 1140 1236 Multum
1175 1175 1240 1250 est,

206 1290 236 1362 si
269 1315 326 1363 eos
359 1288 556 1376 adhibeam,
590 1301 632 1364 ut
666 1290 815 1364 credatis
855 1287 1063 1374 Christiani,
1097 1301 1241 1386 propter

206 1439 292 1511 quos
327 1439 397 1487 nou
430 1413 574 1487 creditis
613 1411 836 1488 Christianis.
907 1411 1058 1488 Interim
1092 1412 1152 1487 hic
1187 1425 1241 1488 est

205 1539 289 1612 ordo
318 1545 445 1612 nostrae
473 1540 724 1625 institutionis,
747 1537 843 1614 hunc
870 1539 1047 1614 edidimus
1075 1549 1113 1614 et
1138 1551 1242 1616 secta

207 1678 244 1740 et
274 1667 428 1739 nominis
458 1691 600 1741 censum
626 1677 706 1740 cum
732 1691 795 1739 suo
823 1677 972 1741 auctore.
1024 1665 1141 1742 Nemo
1163 1670 1241 1764 jam

204 1789 387 1865 infamiam
412 1792 576 1876 incutiat,
604 1817 708 1866 nemo
735 1791 833 1865 aliud
852 1793 1043 1879 existimet,
1068 1794 1151 1890 quia
1174 1805 1242 1870 uee‘

206 1915 285 1990 fas³⁴
303 1929 357 1991 est
373 1917 442 1991 ulli
458 1918 502 1992 de
521 1943 584 1991 sua
600 1918 771 2015 religione
788 1919 942 1992 mentiri.
994 1916 1056 1992 Ex
1067 1919 1245 2005 'eo'enim,·

208 2043 302 2141 quod
324 2044 422 2117 aliud
447 2055 475 2118 a‘
494 2070 530 2118 se
556 2044 624 2119 coli
648 2044 749 2129 dicit,
773 2069 879 2141 quam
899 2043 995 2130 colit,
1015 2056 1124 2142 negat
1146 2043 1244 2142 quo'd·

207 2167 302 2253 colit,
327 2179 363 2243 et
388 2167 561 2242 culturam
586 2179 623 2242 et
642 2166 809 2242 honorem
831 2169 870 2241 in
894 2168 1043 2243 alterum
1061 2167 1242 2254 transfert,

208 2303 244 2366 et
270 2291 512 2367 transferendo
536 2296 611 2388 jam
637 2318 709 2366 non
738 2293 822 2367 colit
851 2293 944 2390 quod
971 2294 1126 2392 negavit.
1173 2293 1243 2368 Di-

208 2418 328 2505 cimus,
350 2430 400 2493 ,et
434 2419 551 2516 palam
590 2418 752 2524 dicimus,
786 2429 824 2493 et
858 2420 956 2492 vobis
993 2419 1243 2516 torquentibus

205 2543 349 2618 lacerati
379 2554 416 2617 et
448 2545 594 2618 cruenti
615 2543 891 2618 vociferamur³⁵t
931 2543 1055 2618 Deum
1092 2543 1239 2619 colimus

208 2693 271 2764 per
292 2667 489 2742 Christum.
530 2667 638 2742 Illum
659 2665 837 2742 hominem
860 2678 996 2765 putate,
1016 2693 1079 2767 per
1101 2679 1181 2742 e'um
1203 2677 1241 2742 et

210 2793 248 2864 in
276 2817 317 2865 eo
347 2819 384 2866 se
412 2793 572 2890 cognosci
598 2791 677 2866 vult
705 2792 792 2866 deus
820 2805 857 2878 et
887 2793 964 2868 coli.
1032 2793 1092 2869 Ut
1120 2805 1240 2869 autem

213 2916 351 2990 Judaeis
372 2917 611 3014 respondeam,
635 2927 672 2990 et
695 2917 764 3014 ipsi
790 2918 896 2992 deum
920 2945 982 3017 per
1010 2920 1158 3016 Moysen
1186 2943 1241 2992 co-

207 3041 279 3117 lere
321 3041 547 3126 didicerunt3
589 3051 631 3114 ut
672 3041 806 3116 Graecis
847 3068 1035 3129 occurram,
1075 3041 1241 3140 Orpheus

259 3390 443 3462 ”pomorana
458 3390 606 3446 Drhshton
613 3391 703 3446 would
750 3389 853 3458 lieve;”
872 3391 1185 3456 academiarum,
1196 3392 1241 3446 ie

208 3480 271 3536 read
297 3482 515 3548 praedicaveram,
543 3477 634 3531 which
660 3494 702 3531 we
750 3479 859 3546 utfiata‘a
872 3478 932 3532 Chr.
945 3480 1096 3532 dmcdote.

207 3564 276 3620 bave
290 3582 353 3620 seen
367 3563 433 3618 used
449 3563 599 3632 absolutely
612 3562 702 3618 before
800 3559 820 3592 ³⁴
837 3567 898 3632 puta
916 3563 1017 3630 caesos
1027 3570 1072 3618 cot.
1090 3563 1137 3618 “it
1152 3563 1176 3618 is
1194 3568 1243 3618 not

209 3651 239 3704 in
255 3649 310 3706 this
330 3650 449 3720 chapter,
467 3650 520 3704 and
538 3649 629 3704 which
646 3666 701 3704 cer·
749 3666 817 3704 even
827 3648 965 3718 possible.”
989 3649 1140 3704 Tertullian
1151 3667 1243 3704 means

209 3735 295 3804 tuinly
317 3737 452 3806 improves
470 3735 517 3790 the
537 3741 605 3790 text.
636 3739 703 3790 imo-
750 3734 810 3789 that
827 3753 862 3789 no
879 3739 948 3789 man‘
960 3752 1010 3790 coa
1027 3734 1064 3788 lie
1084 3737 1243 3804 conceming

209 3825 351 3890 quantitate,
370 3841 397 3876 v.
416 3821 450 3876 ed
468 3839 491 3876 c.
509 3823 535 3874 2.
564 3823 702 3876 tantaeve·
750 3820 793 3876 his
812 3821 932 3890 religion,
955 3837 985 3874 as
1004 3819 1047 3874 his
1064 3838 1130 3890 very
1155 3821 1243 3876 deuial

210 3913 295 3968 rann
319 3924 348 3960 as
369 3907 399 3962 in
418 3924 477 3977 cap.
494 3905 545 3960 ult.
564 3923 648 3960 canen
666 3915 702 3962 aa
752 3906 842 3962 would
852 3907 933 3962 make
945 3906 1004 3960 him
1020 3923 1093 3960 cease
1108 3910 1243 3976 ipaofoeto

209 3996 317 4060 canonia
333 3994 547 4048 macoma.
750 3999 779 4048 to
789 3993 823 4048 be
834 4010 850 4048 a
861 3992 996 4061 votaryof
1002 3993 1032 4047 it

211 4125 214 4134 .
260 4073 281 4106 ⁸³
297 4079 525 4144 Marcoman,-
543 4075 704 4144 likeporum
802 4077 823 4108 ⁸⁶
840 4078 873 4133 So
896 4097 918 4132 c.
938 4081 964 4133 2.
986 4081 1142 4147 vociferatur
1164 4081 1243 4143 tonte

210 4171 255 4228 est,
271 4165 304 4228 ai,
318 4161 371 4216 and
387 4179 470 4231 many
481 4161 559 4218 other
571 4160 638 4216 such
656 4179 704 4214 ex·
754 4164 920 4219 Christianus
929 4163 1004 4218 eom!
1020 4165 1073 4219 and
1087 4164 1112 4218 S.
1124 4163 1244 4234 Cypriam

210 4247 349 4318 pressione.
384 4247 438 4302 “lt
459 4248 602 4318 isagreat
619 4247 703 4316 point,
752 4248 786 4302 ad
802 4248 921 4304 Demetr.
932 4268 955 4304 c.
965 4252 991 4304 3.
1014 4268 1073 4304 cum
1086 4257 1172 4317 monte
1184 4266 1244 4302 oon-

209 4333 392 4390 ifIsnmmon
401 4331 476 4386 those
484 4350 551 4402 very
559 4333 703 4402 witnesses,
743 4334 823 4402 fitoor
837 4343 861 4390 ct
875 4338 979 4390 elom
992 4344 1016 4390 ct
1027 4338 1120 4390 oretria
1132 4351 1163 4387 oc
1176 4349 1243 4401 rope·

209 4426 238 4474 to
260 4417 342 4473 make
370 4435 425 4488 you
449 4417 560 4485 believe,
584 4418 705 4489 through
752 4423 806 4475 titia
814 4421 1243 4488 tdmtdemoooitesdtrtets'oaom

210 4504 299 4560 whose
326 4521 428 4573 agency
455 4520 510 4572 you
532 4520 594 4558 novv
619 4505 703 4560 disbo-
752 4523 791 4560 ma
805 4515 996 4563 mammem
1109 4527 1111 4530 ·

311 4601 333 4675 6
