<?xml version="1.0" encoding="UTF-8"?>
<!DOCTYPE html PUBLIC "-//W3C//DTD XHTML 1.0 Transitional//EN"
    "http://www.w3.org/TR/xhtml1/DTD/xhtml1-transitional.dtd">
<html xmlns="http://www.w3.org/1999/xhtml" xml:lang="en" lang="en">
 <head>
  <title>
</title>
<meta http-equiv="Content-Type" content="text/html;charset=utf-8" />
  <meta name='ocr-system' content='tesseract 3.04.00' />
  <meta name='ocr-capabilities' content='ocr_page ocr_carea ocr_par ocr_line ocrx_word'/>
</head>
<body>
  <div class='ocr_page' id='page_1' title='image "./qsftertullianil00tertgoog_0206.png"; bbox 0 0 3300 5180; ppageno 0'>
   <div class='ocr_carea' id='block_1_1' title="bbox 484 326 1213 402">
    <p class='ocr_par' dir='ltr' id='par_1_1' title="bbox 484 326 1213 402">
     <span class='ocr_line' id='line_1_1' title="bbox 484 326 1213 402; baseline -0.007 -5"><span class='ocrx_word' id='word_1_1' title='bbox 484 347 599 400; x_wconf 75' lang='lat' dir='ltr'><strong>erasa</strong></span> <span class='ocrx_word' id='word_1_2' title='bbox 625 347 926 402; x_wconf 76' lang='lat' dir='ltr'><strong>nroaoonnrcus.</strong></span> <span class='ocrx_word' id='word_1_3' title='bbox 1145 326 1213 402; x_wconf 67' lang='lat'><strong>131</strong></span> 
     </span>
    </p>
   </div>
   <div class='ocr_carea' id='block_1_2' title="bbox 135 526 1380 3242">
    <p class='ocr_par' dir='ltr' id='par_1_2' title="bbox 135 526 1380 3242">
     <span class='ocr_line' id='line_1_2' title="bbox 177 526 1368 643; baseline -0.001 -37"><span class='ocrx_word' id='word_1_4' title='bbox 177 540 270 614; x_wconf 85' lang='lat' dir='ltr'><strong>mus,</strong></span> <span class='ocrx_word' id='word_1_5' title='bbox 295 551 392 626; x_wconf 85' lang='lat' dir='ltr'><strong>spem</strong></span> <span class='ocrx_word' id='word_1_6' title='bbox 417 529 598 626; x_wconf 78' lang='lat' dir='ltr'>erigimus,</span> <span class='ocrx_word' id='word_1_7' title='bbox 624 528 790 606; x_wconf 86' lang='lat' dir='ltr'><strong>fiduciam</strong></span> <span class='ocrx_word' id='word_1_8' title='bbox 813 529 969 627; x_wconf 76' lang='lat' dir='ltr'><strong>figimus,</strong></span> <span class='ocrx_word' id='word_1_9' title='bbox 994 526 1218 626; x_wconf 73' lang='lat' dir='ltr'><strong>disciplinam</strong></span> <span class='ocrx_word' id='word_1_10' title='bbox 1243 533 1368 643; x_wconf 47' lang='lat' dir='ltr'><strong>,4321sz</strong></span> 
     </span>
     <span class='ocr_line' id='line_1_3' title="bbox 179 652 1380 751; baseline -0.002 -23"><span class='ocrx_word' id='word_1_11' title='bbox 179 664 434 751; x_wconf 84' lang='lat' dir='ltr'><strong>praeceptorum</strong></span> <span class='ocrx_word' id='word_1_12' title='bbox 450 652 683 732; x_wconf 88' lang='lat' dir='ltr'><strong>nihilominus</strong></span> <span class='ocrx_word' id='word_1_13' title='bbox 696 655 991 732; x_wconf 69' lang='lat' dir='ltr'><strong>inculcationibus</strong></span> <span class='ocrx_word' id='word_1_14' title='bbox 1008 652 1217 740; x_wconf 84' lang='lat' dir='ltr'><strong>densamus;</strong></span> <span class='ocrx_word' id='word_1_15' title='bbox 1234 687 1380 710; x_wconf 58' lang='lat'><strong>*2*-</strong></span> 
     </span>
     <span class='ocr_line' id='line_1_4' title="bbox 180 777 1221 878; baseline 0.002 -26"><span class='ocrx_word' id='word_1_16' title='bbox 180 779 314 856; x_wconf 89' lang='lat' dir='ltr'><strong>ibidem</strong></span> <span class='ocrx_word' id='word_1_17' title='bbox 323 779 437 856; x_wconf 82' lang='lat' dir='ltr'><strong>&#39;etiam</strong></span> <span class='ocrx_word' id='word_1_18' title='bbox 456 777 730 865; x_wconf 82' lang='lat' dir='ltr'><strong>exhortationes,</strong></span> <span class='ocrx_word' id='word_1_19' title='bbox 755 780 1010 878; x_wconf 80' lang='lat' dir='ltr'><strong>castigationes·</strong></span> <span class='ocrx_word' id='word_1_20' title='bbox 1020 792 1058 852; x_wconf 90' lang='lat' dir='ltr'><strong>et</strong></span> <span class='ocrx_word' id='word_1_21' title='bbox 1075 787 1221 856; x_wconf 75' lang='lat' dir='ltr'><strong>censuri</strong></span> 
     </span>
     <span class='ocr_line' id='line_1_5' title="bbox 182 901 1220 1004; baseline 0.006 -24"><span class='ocrx_word' id='word_1_22' title='bbox 182 902 331 981; x_wconf 63' lang='lat' dir='ltr'><strong>divinat</strong></span> <span class='ocrx_word' id='word_1_23' title='bbox 377 901 475 983; x_wconf 89' lang='lat' dir='ltr'><strong>Nam</strong></span> <span class='ocrx_word' id='word_1_24' title='bbox 502 915 540 978; x_wconf 92' lang='lat' dir='ltr'><strong>et</strong></span> <span class='ocrx_word' id='word_1_25' title='bbox 567 905 752 1002; x_wconf 85' lang='lat' dir='ltr'><strong>judicatur</strong></span> <span class='ocrx_word' id='word_1_26' title='bbox 783 914 917 1004; x_wconf 77' lang='lat' dir='ltr'><strong>&#39;magno</strong></span> <span class='ocrx_word' id='word_1_27' title='bbox 947 925 1028 980; x_wconf 87' lang='lat' dir='ltr'><strong>cum</strong></span> <span class='ocrx_word' id='word_1_28' title='bbox 1056 903 1220 1002; x_wconf 73' lang='lat' dir='ltr'><strong>pondera</strong></span> 
     </span>
     <span class='ocr_line' id='line_1_6' title="bbox 183 1027 1222 1128; baseline 0.004 -24"><span class='ocrx_word' id='word_1_29' title='bbox 183 1039 226 1104; x_wconf 92' lang='lat' dir='ltr'><strong>ut</strong></span> <span class='ocrx_word' id='word_1_30' title='bbox 241 1029 337 1127; x_wconf 81' lang='lat' dir='ltr'><strong>apud</strong></span> <span class='ocrx_word' id='word_1_31' title='bbox 354 1040 467 1106; x_wconf 87' lang='lat' dir='ltr'><strong>certos</strong></span> <span class='ocrx_word' id='word_1_32' title='bbox 482 1029 527 1106; x_wconf 89' lang='lat' dir='ltr'><strong>de</strong></span> <span class='ocrx_word' id='word_1_33' title='bbox 544 1030 603 1107; x_wconf 87' lang='lat' dir='ltr'><strong>dei</strong></span> <span class='ocrx_word' id='word_1_34' title='bbox 619 1040 820 1128; x_wconf 84' lang='lat' dir='ltr'><strong>conspectu,</strong></span> <span class='ocrx_word' id='word_1_35' title='bbox 842 1053 1091 1128; x_wconf 85' lang='lat' dir='ltr'><strong>summumque</strong></span> <span class='ocrx_word' id='word_1_36' title='bbox 1108 1027 1222 1107; x_wconf 81' lang='lat' dir='ltr'><strong>futuri</strong></span> 
     </span>
     <span class='ocr_line' id='line_1_7' title="bbox 179 1153 1223 1256; baseline 0 -26"><span class='ocrx_word' id='word_1_37' title='bbox 179 1154 309 1250; x_wconf 81' lang='lat' dir='ltr'><strong>judicii</strong></span> <span class='ocrx_word' id='word_1_38' title='bbox 334 1154 580 1253; x_wconf 73' lang='lat' dir='ltr'><strong>prejudicium</strong></span> <span class='ocrx_word' id='word_1_39' title='bbox 607 1165 673 1242; x_wconf 82' lang='lat' dir='ltr'><strong>est,</strong></span> <span class='ocrx_word' id='word_1_40' title='bbox 705 1156 736 1232; x_wconf 91' lang='lat' dir='ltr'><strong>si</strong></span> <span class='ocrx_word' id='word_1_41' title='bbox 763 1155 843 1254; x_wconf 87' lang='lat' dir='ltr'><strong>quis</strong></span> <span class='ocrx_word' id='word_1_42' title='bbox 871 1155 925 1230; x_wconf 85' lang='lat' dir='ltr'><strong>ita</strong></span> <span class='ocrx_word' id='word_1_43' title='bbox 953 1153 1154 1256; x_wconf 81' lang='lat' dir='ltr'><strong>deliquerit,</strong></span> <span class='ocrx_word' id='word_1_44' title='bbox 1180 1163 1223 1230; x_wconf 82' lang='lat' dir='ltr'><strong>ut</strong></span> 
     </span>
     <span class='ocr_line' id='line_1_8' title="bbox 184 1279 1223 1358; baseline 0.006 -6"><span class='ocrx_word' id='word_1_45' title='bbox 184 1305 206 1352; x_wconf 88' lang='lat' dir='ltr'><strong>a</strong></span> <span class='ocrx_word' id='word_1_46' title='bbox 231 1279 551 1356; x_wconf 82' lang='lat' dir='ltr'><strong>communicatione</strong></span> <span class='ocrx_word' id='word_1_47' title='bbox 580 1280 749 1358; x_wconf 86' lang='lat' dir='ltr'><strong>orationis</strong></span> <span class='ocrx_word' id='word_1_48' title='bbox 767 1289 807 1356; x_wconf 89' lang='lat' dir='ltr'><strong>ct</strong></span> <span class='ocrx_word' id='word_1_49' title='bbox 830 1289 1034 1354; x_wconf 85' lang='lat' dir='ltr'><strong>conventus¹</strong></span> <span class='ocrx_word' id='word_1_50' title='bbox 1048 1289 1086 1358; x_wconf 88' lang='lat' dir='ltr'><strong>et</strong></span> <span class='ocrx_word' id='word_1_51' title='bbox 1108 1279 1223 1358; x_wconf 85' lang='lat' dir='ltr'><strong>omnis</strong></span> 
     </span>
     <span class='ocr_line' id='line_1_9' title="bbox 185 1405 1225 1506; baseline 0.001 -27"><span class='ocrx_word' id='word_1_52' title='bbox 185 1405 299 1486; x_wconf 81' lang='lat' dir='ltr'><strong>sancti</strong></span> <span class='ocrx_word' id='word_1_53' title='bbox 313 1405 513 1482; x_wconf 81' lang='lat' dir='ltr'><strong>commercii</strong></span> <span class='ocrx_word' id='word_1_54' title='bbox 528 1405 719 1502; x_wconf 81' lang='lat' dir='ltr'><strong>relegetur.</strong></span> <span class='ocrx_word' id='word_1_55' title='bbox 771 1405 973 1482; x_wconf 81' lang='lat' dir='ltr'><strong>Praesident</strong></span> <span class='ocrx_word' id='word_1_56' title='bbox 989 1405 1129 1506; x_wconf 83' lang='lat' dir='ltr'><strong>probati</strong></span> <span class='ocrx_word' id='word_1_57' title='bbox 1147 1405 1225 1502; x_wconf 72' lang='lat' dir='ltr'><strong>qui·</strong></span> 
     </span>
     <span class='ocr_line' id='line_1_10' title="bbox 184 1529 1223 1630; baseline 0 -26"><span class='ocrx_word' id='word_1_58' title='bbox 184 1555 254 1626; x_wconf 85' lang='lat' dir='ltr'><strong>qne</strong></span> <span class='ocrx_word' id='word_1_59' title='bbox 275 1531 439 1616; x_wconf 81' lang='lat' dir='ltr'><strong>seniores,</strong></span> <span class='ocrx_word' id='word_1_60' title='bbox 465 1529 631 1608; x_wconf 87' lang='lat' dir='ltr'><strong>honorem</strong></span> <span class='ocrx_word' id='word_1_61' title='bbox 659 1532 767 1608; x_wconf 88' lang='lat' dir='ltr'><strong>istum</strong></span> <span class='ocrx_word' id='word_1_62' title='bbox 795 1557 865 1610; x_wconf 87' lang='lat' dir='ltr'><strong>non</strong></span> <span class='ocrx_word' id='word_1_63' title='bbox 888 1532 1013 1630; x_wconf 87' lang='lat' dir='ltr'><strong>pretio,</strong></span> <span class='ocrx_word' id='word_1_64' title='bbox 1035 1529 1098 1606; x_wconf 84' lang='lat' dir='ltr'><strong>scd</strong></span> <span class='ocrx_word' id='word_1_65' title='bbox 1122 1531 1223 1606; x_wconf 76' lang='lat' dir='ltr'><strong>testi-</strong></span> 
     </span>
     <span class='ocr_line' id='line_1_11' title="bbox 186 1656 1225 1756; baseline 0.006 -28"><span class='ocrx_word' id='word_1_66' title='bbox 186 1656 306 1733; x_wconf 88' lang='lat' dir='ltr'><strong>monio</strong></span> <span class='ocrx_word' id='word_1_67' title='bbox 338 1656 481 1754; x_wconf 88' lang='lat' dir='ltr'><strong>adepti:</strong></span> <span class='ocrx_word' id='word_1_68' title='bbox 522 1682 638 1755; x_wconf 88' lang='lat' dir='ltr'><strong>neque</strong></span> <span class='ocrx_word' id='word_1_69' title='bbox 674 1659 770 1734; x_wconf 83' lang='lat' dir='ltr'><strong>onim</strong></span> <span class='ocrx_word' id='word_1_70' title='bbox 808 1659 923 1756; x_wconf 83' lang='lat' dir='ltr'><strong>pretio</strong></span> <span class='ocrx_word' id='word_1_71' title='bbox 964 1657 1038 1734; x_wconf 86' lang='lat' dir='ltr'><strong>ulla</strong></span> <span class='ocrx_word' id='word_1_72' title='bbox 1075 1683 1134 1732; x_wconf 86' lang='lat' dir='ltr'><strong>res</strong></span> <span class='ocrx_word' id='word_1_73' title='bbox 1165 1657 1225 1734; x_wconf 87' lang='lat' dir='ltr'><strong>del</strong></span> 
     </span>
     <span class='ocr_line' id='line_1_12' title="bbox 186 1780 1225 1888; baseline -0.004 -26"><span class='ocrx_word' id='word_1_74' title='bbox 186 1790 335 1862; x_wconf 75' lang='lat' dir='ltr'><strong>consur.</strong></span> <span class='ocrx_word' id='word_1_75' title='bbox 387 1780 513 1858; x_wconf 82' lang='lat' dir='ltr'><strong>Etiam</strong></span> <span class='ocrx_word' id='word_1_76' title='bbox 538 1781 569 1858; x_wconf 91' lang='lat' dir='ltr'><strong>si</strong></span> <span class='ocrx_word' id='word_1_77' title='bbox 597 1781 693 1878; x_wconf 89' lang='lat' dir='ltr'><strong>quod</strong></span> <span class='ocrx_word' id='word_1_78' title='bbox 722 1805 809 1858; x_wconf 79' lang='lat' dir='ltr'><strong>arom</strong></span> <span class='ocrx_word' id='word_1_79' title='bbox 823 1807 949 1888; x_wconf 57' lang='lat' dir='ltr'><strong>vgenus</strong></span> <span class='ocrx_word' id='word_1_80' title='bbox 977 1787 1057 1868; x_wconf 88' lang='lat' dir='ltr'><strong>est⁷,</strong></span> <span class='ocrx_word' id='word_1_81' title='bbox 1084 1781 1225 1858; x_wconf 83' lang='lat' dir='ltr'><strong>nonde</strong></span> 
     </span>
     <span class='ocr_line' id='line_1_13' title="bbox 135 1887 1227 2006; baseline -0.005 -24"><span class='ocrx_word' id='word_1_82' title='bbox 135 1887 136 1890; x_wconf 5' lang='grc' dir='ltr'><strong>Ἴ</strong></span> <span class='ocrx_word' id='word_1_83' title='bbox 185 1904 375 1984; x_wconf 86' lang='lat' dir='ltr'><strong>honoraria</strong></span> <span class='ocrx_word' id='word_1_84' title='bbox 405 1932 556 1994; x_wconf 86' lang='lat' dir='ltr'><strong>summa,</strong></span> <span class='ocrx_word' id='word_1_85' title='bbox 587 1908 688 2002; x_wconf 84' lang='lat' dir='ltr'><strong>quasi</strong></span> <span class='ocrx_word' id='word_1_86' title='bbox 715 1907 906 2006; x_wconf 86' lang='lat' dir='ltr'><strong>redemptae</strong></span> <span class='ocrx_word' id='word_1_87' title='bbox 935 1907 1117 2004; x_wconf 83' lang='lat' dir='ltr'><strong>religionis</strong></span> <span class='ocrx_word' id='word_1_88' title='bbox 1145 1931 1227 1982; x_wconf 66' lang='lat' dir='ltr'><strong>con·</strong></span> 
     </span>
     <span class='ocr_line' id='line_1_14' title="bbox 187 2031 1228 2130; baseline 0.004 -26"><span class='ocrx_word' id='word_1_89' title='bbox 187 2041 377 2128; x_wconf 82' lang='lat' dir='ltr'><strong>gregatur3</strong></span> <span class='ocrx_word' id='word_1_90' title='bbox 414 2031 587 2104; x_wconf 89' lang='lat' dir='ltr'><strong>modicam</strong></span> <span class='ocrx_word' id='word_1_91' title='bbox 614 2032 858 2129; x_wconf 87' lang='lat' dir='ltr'><strong>unusquisque</strong></span> <span class='ocrx_word' id='word_1_92' title='bbox 886 2033 1017 2130; x_wconf 90' lang='lat' dir='ltr'><strong>stipem</strong></span> <span class='ocrx_word' id='word_1_93' title='bbox 1046 2040 1228 2108; x_wconf 77' lang='lat' dir='ltr'><strong>menstrua</strong></span> 
     </span>
     <span class='ocr_line' id='line_1_15' title="bbox 186 2155 1229 2252; baseline -0.004 -18"><span class='ocrx_word' id='word_1_94' title='bbox 186 2157 259 2242; x_wconf 83' lang='lat' dir='ltr'><strong>die,</strong></span> <span class='ocrx_word' id='word_1_95' title='bbox 293 2155 350 2230; x_wconf 92' lang='lat' dir='ltr'><strong>vel</strong></span> <span class='ocrx_word' id='word_1_96' title='bbox 378 2181 489 2252; x_wconf 88' lang='lat' dir='ltr'><strong>quum</strong></span> <span class='ocrx_word' id='word_1_97' title='bbox 518 2155 618 2240; x_wconf 88' lang='lat' dir='ltr'><strong>velit,</strong></span> <span class='ocrx_word' id='word_1_98' title='bbox 646 2167 684 2230; x_wconf 87' lang='lat' dir='ltr'><strong>et</strong></span> <span class='ocrx_word' id='word_1_99' title='bbox 710 2157 741 2232; x_wconf 89' lang='lat' dir='ltr'><strong>si</strong></span> <span class='ocrx_word' id='word_1_100' title='bbox 768 2156 873 2230; x_wconf 89' lang='lat' dir='ltr'><strong>modo</strong></span> <span class='ocrx_word' id='word_1_101' title='bbox 893 2156 981 2232; x_wconf 83' lang='lat' dir='ltr'><strong>velit</strong></span> <span class='ocrx_word' id='word_1_102' title='bbox 1008 2167 1045 2232; x_wconf 81' lang='lat' dir='ltr'><strong>et</strong></span> <span class='ocrx_word' id='word_1_103' title='bbox 1069 2158 1099 2231; x_wconf 87' lang='lat' dir='ltr'><strong>si</strong></span> <span class='ocrx_word' id='word_1_104' title='bbox 1123 2156 1229 2230; x_wconf 84' lang='lat' dir='ltr'><strong>modo</strong></span> 
     </span>
     <span class='ocr_line' id='line_1_16' title="bbox 189 2281 1229 2382; baseline 0.001 -25"><span class='ocrx_word' id='word_1_105' title='bbox 189 2283 312 2382; x_wconf 87' lang='lat' dir='ltr'><strong>possit,</strong></span> <span class='ocrx_word' id='word_1_106' title='bbox 335 2282 502 2380; x_wconf 86' lang='lat' dir='ltr'><strong>apponit:</strong></span> <span class='ocrx_word' id='word_1_107' title='bbox 527 2305 609 2358; x_wconf 88' lang='lat' dir='ltr'><strong>nam</strong></span> <span class='ocrx_word' id='word_1_108' title='bbox 632 2305 737 2354; x_wconf 90' lang='lat' dir='ltr'><strong>nemo</strong></span> <span class='ocrx_word' id='word_1_109' title='bbox 760 2281 996 2379; x_wconf 87' lang='lat' dir='ltr'><strong>compellitur,</strong></span> <span class='ocrx_word' id='word_1_110' title='bbox 1014 2281 1079 2356; x_wconf 85' lang='lat' dir='ltr'><strong>sed</strong></span> <span class='ocrx_word' id='word_1_111' title='bbox 1103 2293 1229 2379; x_wconf 80' lang='lat' dir='ltr'><strong>sponte</strong></span> 
     </span>
     <span class='ocr_line' id='line_1_17' title="bbox 191 2405 1229 2505; baseline -0.002 -23"><span class='ocrx_word' id='word_1_112' title='bbox 191 2407 338 2482; x_wconf 87' lang='lat' dir='ltr'><strong>confert.</strong></span> <span class='ocrx_word' id='word_1_113' title='bbox 392 2409 481 2481; x_wconf 87' lang='lat' dir='ltr'><strong>Haec</strong></span> <span class='ocrx_word' id='word_1_114' title='bbox 508 2407 608 2504; x_wconf 87' lang='lat' dir='ltr'><strong>quasi</strong></span> <span class='ocrx_word' id='word_1_115' title='bbox 633 2405 795 2504; x_wconf 89' lang='lat' dir='ltr'><strong>deposita</strong></span> <span class='ocrx_word' id='word_1_116' title='bbox 813 2406 959 2505; x_wconf 89' lang='lat' dir='ltr'><strong>pietatis</strong></span> <span class='ocrx_word' id='word_1_117' title='bbox 985 2418 1079 2482; x_wconf 90' lang='lat' dir='ltr'><strong>sunt.</strong></span> <span class='ocrx_word' id='word_1_118' title='bbox 1132 2406 1229 2482; x_wconf 86' lang='lat' dir='ltr'><strong>Nam</strong></span> 
     </span>
     <span class='ocr_line' id='line_1_18' title="bbox 190 2531 1231 2632; baseline 0.002 -27"><span class='ocrx_word' id='word_1_119' title='bbox 190 2533 275 2606; x_wconf 90' lang='lat' dir='ltr'><strong>inde</strong></span> <span class='ocrx_word' id='word_1_120' title='bbox 302 2559 373 2607; x_wconf 92' lang='lat' dir='ltr'><strong>non</strong></span> <span class='ocrx_word' id='word_1_121' title='bbox 402 2531 528 2630; x_wconf 90' lang='lat' dir='ltr'><strong>epulis,</strong></span> <span class='ocrx_word' id='word_1_122' title='bbox 557 2556 623 2605; x_wconf 89' lang='lat' dir='ltr'><strong>neo</strong></span> <span class='ocrx_word' id='word_1_123' title='bbox 648 2531 833 2630; x_wconf 82' lang='lat' dir='ltr'><strong>potaculis,</strong></span> <span class='ocrx_word' id='word_1_124' title='bbox 862 2558 929 2607; x_wconf 90' lang='lat' dir='ltr'><strong>nec</strong></span> <span class='ocrx_word' id='word_1_125' title='bbox 952 2533 1104 2632; x_wconf 88' lang='lat' dir='ltr'><strong>ingratis</strong></span> <span class='ocrx_word' id='word_1_126' title='bbox 1132 2559 1231 2607; x_wconf 87' lang='lat' dir='ltr'><strong>vora-</strong></span> 
     </span>
     <span class='ocr_line' id='line_1_19' title="bbox 191 2633 1230 2760; baseline -0.001 -26"><span class='ocrx_word' id='word_1_127' title='bbox 191 2651 296 2734; x_wconf 86' lang='lat' dir='ltr'><strong>trinis</strong></span> <span class='ocrx_word' id='word_1_128' title='bbox 318 2656 554 2760; x_wconf 85' lang='lat' dir='ltr'><strong>dispensatur,</strong></span> <span class='ocrx_word' id='word_1_129' title='bbox 581 2655 643 2734; x_wconf 86' lang='lat' dir='ltr'><strong>sed</strong></span> <span class='ocrx_word' id='word_1_130' title='bbox 663 2657 783 2754; x_wconf 87' lang='lat' dir='ltr'><strong>egenis</strong></span> <span class='ocrx_word' id='word_1_131' title='bbox 803 2656 940 2734; x_wconf 86' lang='lat' dir='ltr'><strong>alendis</strong></span> <span class='ocrx_word' id='word_1_132' title='bbox 959 2633 1230 2757; x_wconf 77' lang='lat' dir='ltr'><strong>humandisque,</strong></span> 
     </span>
     <span class='ocr_line' id='line_1_20' title="bbox 190 2781 1232 2880; baseline 0.004 -26"><span class='ocrx_word' id='word_1_133' title='bbox 190 2792 230 2854; x_wconf 86' lang='lat' dir='ltr'><strong>et</strong></span> <span class='ocrx_word' id='word_1_134' title='bbox 246 2784 364 2879; x_wconf 88' lang='lat' dir='ltr'><strong>pueris</strong></span> <span class='ocrx_word' id='word_1_135' title='bbox 383 2807 424 2855; x_wconf 86' lang='lat' dir='ltr'><strong>ac</strong></span> <span class='ocrx_word' id='word_1_136' title='bbox 443 2781 574 2880; x_wconf 84' lang='lat' dir='ltr'><strong>puellis</strong></span> <span class='ocrx_word' id='word_1_137' title='bbox 590 2807 628 2854; x_wconf 86' lang='lat' dir='ltr'><strong>rc</strong></span> <span class='ocrx_word' id='word_1_138' title='bbox 644 2807 685 2855; x_wconf 88' lang='lat' dir='ltr'><strong>ac</strong></span> <span class='ocrx_word' id='word_1_139' title='bbox 703 2783 910 2880; x_wconf 85' lang='lat' dir='ltr'><strong>parentibus</strong></span> <span class='ocrx_word' id='word_1_140' title='bbox 930 2783 1124 2869; x_wconf 87' lang='lat' dir='ltr'><strong>destitutis,</strong></span> <span class='ocrx_word' id='word_1_141' title='bbox 1141 2787 1232 2880; x_wconf 87' lang='lat' dir='ltr'><strong>jam·</strong></span> 
     </span>
     <span class='ocr_line' id='line_1_21' title="bbox 194 2907 1232 3012; baseline 0.01 -32"><span class='ocrx_word' id='word_1_142' title='bbox 194 2932 263 3006; x_wconf 90' lang='lat' dir='ltr'><strong>que</strong></span> <span class='ocrx_word' id='word_1_143' title='bbox 288 2907 490 2980; x_wconf 87' lang='lat' dir='ltr'><strong>domesticis</strong></span> <span class='ocrx_word' id='word_1_144' title='bbox 515 2907 688 2994; x_wconf 67' lang='lat' dir='ltr'><strong>senibus,</strong></span> <span class='ocrx_word' id='word_1_145' title='bbox 713 2909 799 2983; x_wconf 90' lang='lat' dir='ltr'><strong>item</strong></span> <span class='ocrx_word' id='word_1_146' title='bbox 830 2909 1022 3008; x_wconf 80' lang='lat' dir='ltr'><strong>narrfragis,</strong></span> <span class='ocrx_word' id='word_1_147' title='bbox 1047 2921 1084 2987; x_wconf 89' lang='lat' dir='ltr'><strong>et</strong></span> <span class='ocrx_word' id='word_1_148' title='bbox 1113 2912 1143 2990; x_wconf 86' lang='lat' dir='ltr'><strong>si</strong></span> <span class='ocrx_word' id='word_1_149' title='bbox 1170 2911 1232 3012; x_wconf 88' lang='lat' dir='ltr'><strong>qui</strong></span> 
     </span>
     <span class='ocr_line' id='line_1_22' title="bbox 195 3030 1233 3127; baseline 0.009 -23"><span class='ocrx_word' id='word_1_150' title='bbox 195 3033 234 3104; x_wconf 90' lang='lat' dir='ltr'><strong>in</strong></span> <span class='ocrx_word' id='word_1_151' title='bbox 263 3030 429 3116; x_wconf 84' lang='lat' dir='ltr'><strong>metallis,</strong></span> <span class='ocrx_word' id='word_1_152' title='bbox 462 3041 500 3104; x_wconf 93' lang='lat' dir='ltr'><strong>et</strong></span> <span class='ocrx_word' id='word_1_153' title='bbox 528 3031 559 3103; x_wconf 90' lang='lat' dir='ltr'><strong>si</strong></span> <span class='ocrx_word' id='word_1_154' title='bbox 584 3032 709 3127; x_wconf 89' lang='lat' dir='ltr'><strong>quiin</strong></span> <span class='ocrx_word' id='word_1_155' title='bbox 738 3033 876 3118; x_wconf 88' lang='lat' dir='ltr'><strong>insulis,</strong></span> <span class='ocrx_word' id='word_1_156' title='bbox 902 3035 958 3108; x_wconf 88' lang='lat' dir='ltr'><strong>vel</strong></span> <span class='ocrx_word' id='word_1_157' title='bbox 983 3037 1020 3107; x_wconf 92' lang='lat' dir='ltr'><strong>in</strong></span> <span class='ocrx_word' id='word_1_158' title='bbox 1052 3035 1233 3113; x_wconf 74' lang='lat' dir='ltr'><strong>marculis.</strong></span> 
     </span>
     <span class='ocr_line' id='line_1_23' title="bbox 195 3155 1234 3242; baseline 0.002 -12"><span class='ocrx_word' id='word_1_159' title='bbox 195 3157 373 3230; x_wconf 86' lang='lat' dir='ltr'><strong>duntaxat</strong></span> <span class='ocrx_word' id='word_1_160' title='bbox 396 3181 441 3228; x_wconf 87' lang='lat' dir='ltr'><strong>ex</strong></span> <span class='ocrx_word' id='word_1_161' title='bbox 464 3181 586 3228; x_wconf 87' lang='lat' dir='ltr'><strong>caussa</strong></span> <span class='ocrx_word' id='word_1_162' title='bbox 609 3155 668 3228; x_wconf 90' lang='lat' dir='ltr'><strong>dei</strong></span> <span class='ocrx_word' id='word_1_163' title='bbox 689 3169 804 3242; x_wconf 84' lang='lat' dir='ltr'><strong>sectae,</strong></span> <span class='ocrx_word' id='word_1_164' title='bbox 828 3159 984 3232; x_wconf 83' lang='lat' dir='ltr'><strong>alumni⁹</strong></span> <span class='ocrx_word' id='word_1_165' title='bbox 1008 3159 1234 3234; x_wconf 87' lang='lat' dir='ltr'><strong>confessionis</strong></span> 
     </span>
    </p>
   </div>
   <div class='ocr_carea' id='block_1_3' title="bbox 186 3385 1259 4568">
    <p class='ocr_par' dir='ltr' id='par_1_3' title="bbox 247 3385 1235 3456">
     <span class='ocr_line' id='line_1_24' title="bbox 247 3385 1235 3456; baseline -0.001 -15"><span class='ocrx_word' id='word_1_166' title='bbox 247 3385 692 3444; x_wconf 59' lang='grc' dir='ltr'><strong>Ι5ι.ιιι1(&gt;οι.ἰ.6.ιιι1Τὶιιι.ἰ..’3.</strong></span> <span class='ocrx_word' id='word_1_167' title='bbox 740 3389 805 3452; x_wconf 78' lang='lat' dir='ltr'><strong>Deo,</strong></span> <span class='ocrx_word' id='word_1_168' title='bbox 823 3403 857 3440; x_wconf 84' lang='lat' dir='ltr'><strong>or</strong></span> <span class='ocrx_word' id='word_1_169' title='bbox 874 3387 897 3440; x_wconf 87' lang='lat' dir='ltr'><strong>it</strong></span> <span class='ocrx_word' id='word_1_170' title='bbox 911 3403 976 3455; x_wconf 76' lang='lat' dir='ltr'><strong>musy</strong></span> <span class='ocrx_word' id='word_1_171' title='bbox 989 3387 1022 3444; x_wconf 82' lang='lat' dir='ltr'><strong>hs</strong></span> <span class='ocrx_word' id='word_1_172' title='bbox 1037 3385 1139 3456; x_wconf 80' lang='lat' dir='ltr'><strong>simply</strong></span> <span class='ocrx_word' id='word_1_173' title='bbox 1153 3389 1235 3454; x_wconf 78' lang='lat' dir='ltr'><strong>ponit.</strong></span> 
     </span>
    </p>

    <p class='ocr_par' dir='ltr' id='par_1_4' title="bbox 186 3471 1259 4568">
     <span class='ocr_line' id='line_1_25' title="bbox 246 3471 1237 3542; baseline -0.002 -12"><span class='ocrx_word' id='word_1_174' title='bbox 246 3472 257 3504; x_wconf 71' lang='lat'><em>²</em></span> <span class='ocrx_word' id='word_1_175' title='bbox 273 3477 351 3530; x_wconf 81' lang='lat' dir='ltr'><strong>etiam</strong></span> <span class='ocrx_word' id='word_1_176' title='bbox 364 3476 462 3542; x_wconf 66' lang='lat' dir='ltr'><strong>mquid</strong></span> <span class='ocrx_word' id='word_1_177' title='bbox 475 3491 545 3528; x_wconf 74' lang='lat' dir='ltr'><strong>orca</strong></span> <span class='ocrx_word' id='word_1_178' title='bbox 553 3491 636 3542; x_wconf 62' lang='lat' dir='ltr'><strong>maus</strong></span> <span class='ocrx_word' id='word_1_179' title='bbox 646 3481 692 3538; x_wconf 83' lang='lat' dir='ltr'><strong>est,</strong></span> <span class='ocrx_word' id='word_1_180' title='bbox 740 3475 860 3541; x_wconf 69' lang='lat' dir='ltr'><strong>dacusa</strong></span> <span class='ocrx_word' id='word_1_181' title='bbox 878 3471 935 3528; x_wconf 82' lang='lat' dir='ltr'><strong>lilre</strong></span> <span class='ocrx_word' id='word_1_182' title='bbox 949 3489 1001 3528; x_wconf 86' lang='lat' dir='ltr'><strong>our</strong></span> <span class='ocrx_word' id='word_1_183' title='bbox 1014 3472 1170 3538; x_wconf 78' lang='lat' dir='ltr'><strong>derivative,</strong></span> <span class='ocrx_word' id='word_1_184' title='bbox 1181 3489 1237 3528; x_wconf 76' lang='lat' dir='ltr'><strong>was</strong></span> 
     </span>
     <span class='ocr_line' id='line_1_26' title="bbox 186 3558 1237 3634; baseline 0.001 -18"><span class='ocrx_word' id='word_1_185' title='bbox 186 3558 249 3616; x_wconf 58' lang='lat' dir='ltr'><strong>ntro.</strong></span> <span class='ocrx_word' id='word_1_186' title='bbox 265 3559 313 3614; x_wconf 91' lang='lat' dir='ltr'><strong>the</strong></span> <span class='ocrx_word' id='word_1_187' title='bbox 323 3563 402 3614; x_wconf 82' lang='lat' dir='ltr'><strong>etiam</strong></span> <span class='ocrx_word' id='word_1_188' title='bbox 416 3559 500 3614; x_wconf 87' lang='lat' dir='ltr'><strong>refers</strong></span> <span class='ocrx_word' id='word_1_189' title='bbox 514 3564 543 3616; x_wconf 88' lang='lat' dir='ltr'><strong>to</strong></span> <span class='ocrx_word' id='word_1_190' title='bbox 557 3559 604 3614; x_wconf 85' lang='lat' dir='ltr'><strong>the</strong></span> <span class='ocrx_word' id='word_1_191' title='bbox 616 3563 694 3614; x_wconf 77' lang='lat' dir='ltr'><strong>mser</strong></span> <span class='ocrx_word' id='word_1_192' title='bbox 740 3559 848 3628; x_wconf 85' lang='lat' dir='ltr'><strong>applied</strong></span> <span class='ocrx_word' id='word_1_193' title='bbox 854 3558 983 3628; x_wconf 77' lang='lat' dir='ltr'><strong>specisllp</strong></span> <span class='ocrx_word' id='word_1_194' title='bbox 988 3563 1016 3613; x_wconf 90' lang='lat' dir='ltr'><strong>to</strong></span> <span class='ocrx_word' id='word_1_195' title='bbox 1025 3559 1133 3614; x_wconf 82' lang='lat' dir='ltr'><strong>sumsoi</strong></span> <span class='ocrx_word' id='word_1_196' title='bbox 1138 3575 1237 3634; x_wconf 78' lang='lat' dir='ltr'><strong>money</strong></span> 
     </span>
     <span class='ocr_line' id='line_1_27' title="bbox 195 3643 1238 3714; baseline 0.001 -14"><span class='ocrx_word' id='word_1_197' title='bbox 195 3645 364 3714; x_wconf 80' lang='lat' dir='ltr'><strong>mpudintion</strong></span> <span class='ocrx_word' id='word_1_198' title='bbox 390 3644 422 3700; x_wconf 82' lang='lat' dir='ltr'><strong>oi</strong></span> <span class='ocrx_word' id='word_1_199' title='bbox 446 3661 501 3714; x_wconf 80' lang='lat' dir='ltr'><strong>any</strong></span> <span class='ocrx_word' id='word_1_200' title='bbox 529 3643 609 3714; x_wconf 79' lang='lat' dir='ltr'><strong>thing</strong></span> <span class='ocrx_word' id='word_1_201' title='bbox 636 3644 693 3700; x_wconf 82' lang='lat' dir='ltr'><strong>like</strong></span> <span class='ocrx_word' id='word_1_202' title='bbox 741 3643 881 3702; x_wconf 72' lang='lat' dir='ltr'><strong>enhmted</strong></span> <span class='ocrx_word' id='word_1_203' title='bbox 895 3649 924 3699; x_wconf 83' lang='lat' dir='ltr'><strong>to</strong></span> <span class='ocrx_word' id='word_1_204' title='bbox 939 3643 1125 3702; x_wconf 76' lang='lat' dir='ltr'><strong>uniendam</strong></span> <span class='ocrx_word' id='word_1_205' title='bbox 1141 3643 1192 3702; x_wconf 88' lang='lat' dir='ltr'><strong>left</strong></span> <span class='ocrx_word' id='word_1_206' title='bbox 1207 3644 1238 3701; x_wconf 86' lang='lat' dir='ltr'><strong>in</strong></span> 
     </span>
     <span class='ocr_line' id='line_1_28' title="bbox 192 3728 1239 3798; baseline 0.001 -13"><span class='ocrx_word' id='word_1_207' title='bbox 192 3735 307 3798; x_wconf 81' lang='lat' dir='ltr'><strong>pretium</strong></span> <span class='ocrx_word' id='word_1_208' title='bbox 323 3731 354 3788; x_wconf 85' lang='lat' dir='ltr'><strong>in</strong></span> <span class='ocrx_word' id='word_1_209' title='bbox 375 3729 423 3786; x_wconf 83' lang='lat' dir='ltr'><strong>the</strong></span> <span class='ocrx_word' id='word_1_210' title='bbox 446 3730 571 3798; x_wconf 81' lang='lat' dir='ltr'><strong>previous</strong></span> <span class='ocrx_word' id='word_1_211' title='bbox 587 3730 676 3786; x_wconf 81' lang='lat' dir='ltr'><strong>clause</strong></span> <span class='ocrx_word' id='word_1_212' title='bbox 683 3747 693 3796; x_wconf 84' lang='lat'>3</span> <span class='ocrx_word' id='word_1_213' title='bbox 741 3731 865 3788; x_wconf 75' lang='lat' dir='ltr'><strong>hhcere.</strong></span> <span class='ocrx_word' id='word_1_214' title='bbox 888 3728 1012 3788; x_wconf 78' lang='lat' dir='ltr'><strong>Secduu</strong></span> <span class='ocrx_word' id='word_1_215' title='bbox 1024 3729 1078 3786; x_wconf 76' lang='lat' dir='ltr'><strong>Sat.</strong></span> <span class='ocrx_word' id='word_1_216' title='bbox 1090 3747 1150 3785; x_wconf 71' lang='lat'>1111.</span> <span class='ocrx_word' id='word_1_217' title='bbox 1174 3729 1239 3786; x_wconf 85' lang='lat' dir='ltr'><strong>Pos-</strong></span> 
     </span>
     <span class='ocr_line' id='line_1_29' title="bbox 197 3813 1239 3886; baseline 0 -18"><span class='ocrx_word' id='word_1_218' title='bbox 197 3814 327 3880; x_wconf 80' lang='lat' dir='ltr'><strong>“Even,”</strong></span> <span class='ocrx_word' id='word_1_219' title='bbox 349 3833 411 3885; x_wconf 82' lang='lat' dir='ltr'><strong>says</strong></span> <span class='ocrx_word' id='word_1_220' title='bbox 434 3815 596 3881; x_wconf 88' lang='lat' dir='ltr'><strong>Tertullian,</strong></span> <span class='ocrx_word' id='word_1_221' title='bbox 620 3815 694 3870; x_wconf 88' lang='lat' dir='ltr'><strong>“the</strong></span> <span class='ocrx_word' id='word_1_222' title='bbox 742 3816 901 3886; x_wconf 78' lang='lat' dir='ltr'><strong>siblythem</strong></span> <span class='ocrx_word' id='word_1_223' title='bbox 912 3814 1021 3883; x_wconf 82' lang='lat' dir='ltr'><strong>mcyhe</strong></span> <span class='ocrx_word' id='word_1_224' title='bbox 1035 3833 1109 3872; x_wconf 85' lang='lat' dir='ltr'><strong>some</strong></span> <span class='ocrx_word' id='word_1_225' title='bbox 1124 3813 1239 3874; x_wconf 85' lang='lat' dir='ltr'><strong>allusion</strong></span> 
     </span>
     <span class='ocr_line' id='line_1_30' title="bbox 195 3899 1240 3964; baseline 0.005 -10"><span class='ocrx_word' id='word_1_226' title='bbox 195 3899 265 3957; x_wconf 87' lang='lat' dir='ltr'><strong>kind</strong></span> <span class='ocrx_word' id='word_1_227' title='bbox 276 3900 307 3956; x_wconf 86' lang='lat' dir='ltr'><strong>of</strong></span> <span class='ocrx_word' id='word_1_228' title='bbox 321 3917 447 3958; x_wconf 84' lang='lat' dir='ltr'><strong>common</strong></span> <span class='ocrx_word' id='word_1_229' title='bbox 459 3901 535 3958; x_wconf 83' lang='lat' dir='ltr'><strong>cheat</strong></span> <span class='ocrx_word' id='word_1_230' title='bbox 547 3899 637 3956; x_wconf 87' lang='lat' dir='ltr'><strong>which</strong></span> <span class='ocrx_word' id='word_1_231' title='bbox 653 3917 695 3954; x_wconf 85' lang='lat' dir='ltr'><strong>we</strong></span> <span class='ocrx_word' id='word_1_232' title='bbox 743 3907 772 3958; x_wconf 91' lang='lat' dir='ltr'><strong>to</strong></span> <span class='ocrx_word' id='word_1_233' title='bbox 794 3901 842 3958; x_wconf 85' lang='lat' dir='ltr'><strong>the</strong></span> <span class='ocrx_word' id='word_1_234' title='bbox 865 3907 926 3956; x_wconf 85' lang='lat' dir='ltr'><strong>text</strong></span> <span class='ocrx_word' id='word_1_235' title='bbox 950 3901 1107 3964; x_wconf 76' lang='lat' dir='ltr'><strong>Foerrorstur</strong></span> <span class='ocrx_word' id='word_1_236' title='bbox 1125 3903 1240 3960; x_wconf 73' lang='lat' dir='ltr'><strong>nonam</strong></span> 
     </span>
     <span class='ocr_line' id='line_1_31' title="bbox 198 3984 1229 4056; baseline 0.006 -16"><span class='ocrx_word' id='word_1_237' title='bbox 198 3984 482 4056; x_wconf 66' lang='lat' dir='ltr'><strong>responsalium</strong></span> <span class='ocrx_word' id='word_1_238' title='bbox 504 4003 536 4042; x_wconf 89' lang='lat' dir='ltr'><strong>or</strong></span> <span class='ocrx_word' id='word_1_239' title='bbox 558 3985 637 4040; x_wconf 88' lang='lat' dir='ltr'><strong>made</strong></span> <span class='ocrx_word' id='word_1_240' title='bbox 657 4003 695 4054; x_wconf 88' lang='lat' dir='ltr'><strong>up</strong></span> <span class='ocrx_word' id='word_1_241' title='bbox 743 3991 789 4056; x_wconf 79' lang='lat' dir='ltr'><strong>put</strong></span> <span class='ocrx_word' id='word_1_242' title='bbox 803 3991 942 4044; x_wconf 77' lang='lat' dir='ltr'><strong>miseretur·</strong></span> <span class='ocrx_word' id='word_1_243' title='bbox 955 3991 1085 4056; x_wconf 77' lang='lat' dir='ltr'><strong>pauperis.</strong></span> <span class='ocrx_word' id='word_1_244' title='bbox 1224 4015 1229 4046; x_wconf 69' lang='lat'><strong>⁴.</strong></span> 
     </span>
     <span class='ocr_line' id='line_1_32' title="bbox 199 4067 1241 4141; baseline 0.004 -17"><span class='ocrx_word' id='word_1_245' title='bbox 199 4067 394 4141; x_wconf 64' lang='lat' dir='ltr'><strong>(comproperat)</strong></span> <span class='ocrx_word' id='word_1_246' title='bbox 410 4071 506 4140; x_wconf 80' lang='lat' dir='ltr'><strong>ofany</strong></span> <span class='ocrx_word' id='word_1_247' title='bbox 522 4071 597 4128; x_wconf 71' lang='lat' dir='ltr'><strong>tired</strong></span> <span class='ocrx_word' id='word_1_248' title='bbox 612 4089 696 4137; x_wconf 87' lang='lat' dir='ltr'><strong>sums,</strong></span> <span class='ocrx_word' id='word_1_249' title='bbox 796 4071 932 4141; x_wconf 78' lang='lat' dir='ltr'><strong>⁸jcmqae</strong></span> <span class='ocrx_word' id='word_1_250' title='bbox 960 4075 1102 4130; x_wconf 68' lang='lat' dir='ltr'><strong>amassai</strong></span> <span class='ocrx_word' id='word_1_251' title='bbox 1129 4073 1241 4134; x_wconf 63' lang='lat' dir='ltr'><strong>aarum,</strong></span> 
     </span>
     <span class='ocr_line' id='line_1_33' title="bbox 197 4155 1242 4227; baseline 0.001 -17"><span class='ocrx_word' id='word_1_252' title='bbox 197 4157 279 4227; x_wconf 55' lang='lat' dir='ltr'><strong>maen</strong></span> <span class='ocrx_word' id='word_1_253' title='bbox 293 4172 323 4210; x_wconf 88' lang='lat' dir='ltr'><strong>as</strong></span> <span class='ocrx_word' id='word_1_254' title='bbox 337 4172 354 4210; x_wconf 86' lang='lat' dir='ltr'><strong>a</strong></span> <span class='ocrx_word' id='word_1_255' title='bbox 368 4155 437 4212; x_wconf 84' lang='lat' dir='ltr'><strong>kind</strong></span> <span class='ocrx_word' id='word_1_256' title='bbox 449 4157 480 4212; x_wconf 84' lang='lat' dir='ltr'><strong>oi</strong></span> <span class='ocrx_word' id='word_1_257' title='bbox 492 4157 697 4216; x_wconf 84' lang='lat' dir='ltr'><strong>consideration·</strong></span> <span class='ocrx_word' id='word_1_258' title='bbox 745 4158 791 4214; x_wconf 79' lang='lat' dir='ltr'><strong>i-e.</strong></span> <span class='ocrx_word' id='word_1_259' title='bbox 808 4175 839 4212; x_wconf 86' lang='lat' dir='ltr'><strong>ao</strong></span> <span class='ocrx_word' id='word_1_260' title='bbox 849 4158 957 4216; x_wconf 84' lang='lat' dir='ltr'><strong>senibus</strong></span> <span class='ocrx_word' id='word_1_261' title='bbox 968 4158 1017 4226; x_wconf 89' lang='lat' dir='ltr'><strong>qui</strong></span> <span class='ocrx_word' id='word_1_262' title='bbox 1030 4158 1089 4227; x_wconf 85' lang='lat' dir='ltr'><strong>jam</strong></span> <span class='ocrx_word' id='word_1_263' title='bbox 1100 4157 1170 4214; x_wconf 77' lang='lat' dir='ltr'><strong>foras</strong></span> <span class='ocrx_word' id='word_1_264' title='bbox 1181 4171 1242 4224; x_wconf 85' lang='lat' dir='ltr'><strong>pro-</strong></span> 
     </span>
     <span class='ocr_line' id='line_1_34' title="bbox 198 4239 1132 4314; baseline 0.001 -16"><span class='ocrx_word' id='word_1_265' title='bbox 198 4241 348 4310; x_wconf 81' lang='lat' dir='ltr'><strong>moncyfor</strong></span> <span class='ocrx_word' id='word_1_266' title='bbox 357 4239 405 4294; x_wconf 91' lang='lat' dir='ltr'><strong>thc</strong></span> <span class='ocrx_word' id='word_1_267' title='bbox 417 4241 543 4311; x_wconf 81' lang='lat' dir='ltr'><strong>religiono</strong></span> <span class='ocrx_word' id='word_1_268' title='bbox 554 4243 698 4314; x_wconf 82' lang='lat' dir='ltr'><strong>privileges</strong></span> <span class='ocrx_word' id='word_1_269' title='bbox 746 4243 956 4314; x_wconf 67' lang='lat' dir='ltr'><strong>dhenequesnt.</strong></span> <span class='ocrx_word' id='word_1_270' title='bbox 1130 4291 1132 4299; x_wconf 80' lang='grc'>,</span> 
     </span>
     <span class='ocr_line' id='line_1_35' title="bbox 189 4323 1244 4401; baseline 0.004 -19"><span class='ocrx_word' id='word_1_271' title='bbox 189 4323 417 4396; x_wconf 57' lang='lat' dir='ltr'><strong>,placamento</strong></span> <span class='ocrx_word' id='word_1_272' title='bbox 425 4328 698 4401; x_wconf 71' lang='lat' dir='ltr'><strong>adipionislbuteach</strong></span> <span class='ocrx_word' id='word_1_273' title='bbox 797 4325 921 4384; x_wconf 75' lang='lat' dir='ltr'><strong>⁹‹rlrrmna&#39;</strong></span> <span class='ocrx_word' id='word_1_274' title='bbox 929 4332 1175 4398; x_wconf 72' lang='lat' dir='ltr'><strong>consessionissws</strong></span> <span class='ocrx_word' id='word_1_275' title='bbox 1187 4325 1244 4386; x_wconf 80' lang='lat' dir='ltr'><strong>this</strong></span> 
     </span>
     <span class='ocr_line' id='line_1_36' title="bbox 200 4389 1259 4483; baseline -0.003 -15"><span class='ocrx_word' id='word_1_276' title='bbox 200 4411 376 4478; x_wconf 83' lang='lat' dir='ltr'><strong>individual,&#39;&#39;</strong></span> <span class='ocrx_word' id='word_1_277' title='bbox 394 4410 445 4466; x_wconf 81' lang='lat' dir='ltr'><strong>&amp;a</strong></span> <span class='ocrx_word' id='word_1_278' title='bbox 480 4413 540 4468; x_wconf 89' lang='lat' dir='ltr'><strong>Tho</strong></span> <span class='ocrx_word' id='word_1_279' title='bbox 558 4419 663 4483; x_wconf 77' lang='lat' dir='ltr'><strong>apposnit</strong></span> <span class='ocrx_word' id='word_1_280' title='bbox 682 4431 700 4468; x_wconf 89' lang='lat' dir='ltr'><strong>a</strong></span> <span class='ocrx_word' id='word_1_281' title='bbox 747 4420 1065 4482; x_wconf 80' lang='lat' dir='ltr'><strong>appearstomsamost</strong></span> <span class='ocrx_word' id='word_1_282' title='bbox 1075 4389 1259 4470; x_wconf 70' lang='lat' dir='ltr'><strong>remarkable*</strong></span> 
     </span>
     <span class='ocr_line' id='line_1_37' title="bbox 200 4498 1245 4568; baseline 0.004 -16"><span class='ocrx_word' id='word_1_283' title='bbox 200 4498 273 4554; x_wconf 82' lang='lat' dir='ltr'><strong>little</strong></span> <span class='ocrx_word' id='word_1_284' title='bbox 284 4498 371 4554; x_wconf 83' lang='lat' dir='ltr'><strong>below</strong></span> <span class='ocrx_word' id='word_1_285' title='bbox 382 4515 447 4567; x_wconf 82' lang='lat' dir='ltr'><strong>may</strong></span> <span class='ocrx_word' id='word_1_286' title='bbox 454 4499 487 4556; x_wconf 88' lang='lat' dir='ltr'><strong>be</strong></span> <span class='ocrx_word' id='word_1_287' title='bbox 499 4499 614 4568; x_wconf 79' lang='lat' dir='ltr'><strong>perhaps</strong></span> <span class='ocrx_word' id='word_1_288' title='bbox 624 4504 700 4568; x_wconf 74' lang='lat' dir='ltr'><strong>quasi</strong></span> <span class='ocrx_word' id='word_1_289' title='bbox 748 4500 912 4568; x_wconf 81' lang='lat' dir='ltr'><strong>expression,</strong></span> <span class='ocrx_word' id='word_1_290' title='bbox 932 4499 1047 4568; x_wconf 82' lang='lat' dir='ltr'><strong>though.</strong></span> <span class='ocrx_word' id='word_1_291' title='bbox 1055 4516 1091 4556; x_wconf 86' lang='lat' dir='ltr'><strong>nn</strong></span> <span class='ocrx_word' id='word_1_292' title='bbox 1109 4505 1245 4556; x_wconf 76' lang='lat' dir='ltr'><strong>cominen-</strong></span> 
     </span>
    </p>
   </div>
   <div class='ocr_carea' id='block_1_4' title="bbox 1054 4604 1145 4675">
    <p class='ocr_par' dir='ltr' id='par_1_5' title="bbox 1054 4604 1145 4675">
     <span class='ocr_line' id='line_1_38' title="bbox 1054 4604 1145 4675; baseline 0 -15"><span class='ocrx_word' id='word_1_293' title='bbox 1054 4604 1145 4675; x_wconf 80' lang='lat' dir='ltr'><strong>9-.a</strong></span> 
     </span>
    </p>
   </div>
   <div class='ocr_carea' id='block_1_5' title="bbox 0 0 1685 5172">
    <p class='ocr_par' dir='ltr' id='par_1_6' title="bbox 0 0 1685 5172">
     <span class='ocr_line' id='line_1_39' title="bbox 0 0 1685 5172; baseline 0 0"><span class='ocrx_word' id='word_1_294' title='bbox 0 0 1685 5172; x_wconf 95' lang='lat' dir='ltr'><strong> </strong></span> 
     </span>
    </p>
   </div>
  </div>
 </body>
</html>
