3300 5180
383 339 454 407 140
763 355 1032 412 rsanuumaur

264 539 341 648 Cxlff·
390 549 502 639 geret,
535 565 597 616 cur
631 563 701 614 uon
734 542 778 614 ab
809 565 850 614 eo
879 540 989 616 etiam
1019 539 1114 616 mala
1143 540 1328 640 intelligat
1358 567 1438 618 eve-

227 667 479 750 *nira
504 669 606 762 cujus
631 665 723 738 bona
752 689 828 739 esse
856 688 928 738 non
955 664 1093 740 sensit?
1146 664 1254 740 Illius
1279 691 1340 742 rea
1368 677 1436 768 est,

389 796 491 888 cujus
524 801 562 865 et
596 792 748 890 ingrata.
813 792 867 866 Et
899 801 1020 866 tamen
1057 792 1086 864 si
1115 792 1283 889 pristinas
1318 793 1435 868 clades

389 942 640 1015 comparemus,
666 916 799 992 leviora
829 941 926 990 nunc
953 915 1131 1003 accidunt,
1159 943 1204 992 ex
1231 943 1303 1016 quo
1331 917 1436 994 Obri-

389 1043 521 1117 stianos
547 1069 568 1116 a
596 1042 662 1116 deo
684 1043 777 1116 orbis
799 1042 945 1140 accepit.
998 1039 1060 1116 Ex
1085 1067 1125 1118 eo
1149 1044 1244 1118 enirn
1272 1055 1310 1118 et
1332 1044 1436 1118 inno·

389 1171 506 1243 centia
531 1169 640 1243 seculi
663 1168 874 1264 iniquitates
890 1169 1114 1266 temperavit,
1137 1179 1175 1243 et
1191 1168 1436 1266 deprecatores

389 1293 447 1368 dei
482 1319 556 1367 esse
594 1302 787 1391 coeperunt.
851 1292 1019 1390 Denique
1056 1317 1136 1368 cum
1175 1295 1220 1367 ab
1260 1294 1434 1370 imbribus

389 1421 510 1494 aestiva
535 1418 683 1493 hiberna
712 1418 964 1516 suspendunt¹¹
991 1428 1029 1492 et
1054 1444 1169 1494 annus
1193 1421 1232 1493 in
1254 1445 1338 1494 cura
1366 1433 1433 1507 est,

389 1571 449 1618 vos
493 1545 648 1644 quidem,
687 1543 848 1642 quotidie
888 1543 982 1641 pasti
1025 1545 1218 1644 statimque
1256 1547 1432 1644 pransuri,

387 1670 524 1745 balneis
549 1682 587 1744 et
618 1671 785 1768 cauponis
817 1683 855 1742 et
885 1668 1116 1767 lupanaribus
1149 1673 1296 1770 operati,
1332 1672 1434 1769 aqui·

388 1795 499 1870 licia¹³
527 1795 611 1869 Jovi
640 1794 846 1878 immolatis,
876 1793 1110 1892 nudipedalia
1132 1796 1264 1894 populo
1294 1797 1432 1871 denun-

388 1921 500 2005 tiatis,
529 1919 655 1993 ooelum
680 1917 776 2017 apud
804 1918 1007 2017 Capitolum
1034 1921 1203 2018 queritis,
1232 1921 1362 1996 nubila
1385 1920 1431 1996 de

385 2045 610 2143 laquearibus
643 2045 855 2142 expectatis
863 2048 895 2130 ¹⁴,
922 2044 1034 2118 aversi
1060 2046 1106 2118 ab
1131 2045 1208 2144 ipso
1237 2055 1275 2120 et
1298 2045 1364 2120 deo
1392 2058 1430 2120 et

387 2171 485 2246 coelo.
537 2171 615 2246 Nos
638 2196 721 2245 vero
739 2170 889 2268 jejuniis
915 2167 1007 2244 aridi
1026 2181 1064 2245 et
1086 2172 1184 2245 omni
1207 2173 1431 2247 continentia

386 2297 552 2394 expressi,
576 2298 620 2372 ab
648 2297 745 2370 omni
779 2296 862 2370 vite
892 2293 995 2393 fruge
1024 2295 1168 2382 dilati¹⁵,
1201 2297 1239 2370 in
1272 2323 1370 2371 sacco
1393 2309 1431 2372 ct

435 2536 457 2575 ²³
472 2542 504 2594 ab
521 2541 645 2593 imbribus
664 2541 757 2593 oestwa
775 2538 881 2590 him
981 2530 1002 2564 ¹⁸
1017 2537 1147 2604 caedicio.
1182 2535 1292 2592 Festos:
1318 2538 1431 2606 Aquati-

383 2627 565 2694 amatam
584 2623 712 2678 Towards
726 2622 774 2676 the
787 2619 881 2690 expla-
929 2625 1000 2674 dam
1021 2622 1118 2676 dieitur
1140 2639 1200 2674 eam
1218 2639 1287 2692 aqua
1305 2625 1430 2690 pluvialia

383 2713 477 2768 nation
487 2711 518 2765 of
526 2711 582 2766 this
593 2709 748 2780 expression
759 2725 800 2762 wo
810 2706 882 2762 have
928 2709 1048 2762 renata
1079 2709 1231 2775 quibasdam
1261 2709 1373 2773 elicitur,
1404 2715 1429 2763 ct

383 2798 442 2852 first
467 2803 522 2852 two
549 2813 671 2865 passages
698 2796 728 2849 in
751 2794 880 2863 cyprian,
929 2794 1339 2860 qamaammeraditarmaaots·
1347 2797 1429 2862 lapide

383 2887 485 2954 quando
498 2886 603 2938 habron
615 2884 704 2936 nubila
718 2897 808 2934 serena
823 2897 881 2932 arw-
929 2873 1016 2948 (quod
1033 2896 1118 2948 aqnos
1137 2896 1247 2934 manare
1264 2879 1379 2955 iaceret)
1398 2885 1428 2935 ἐπ

380 2973 522 3038 pendeam
551 2969 585 3024 de
616 2967 697 3021 Mort
728 2983 751 3020 c.
777 2967 802 3018 2.
827 2963 881 3018 and
930 2967 1148 3031 arbocadamae.
1161 2965 1363 3035 Scaligadloc.

383 3059 450 3126 qnod
460 3059 552 3110 imbres
562 3063 586 3110 et
592 3056 795 3123 plaotaeaerera
806 3053 880 3118 leriga
979 3048 1000 3080 ²⁴
1016 3054 1106 3105 orelam
1125 3055 1197 3120 apud
1217 3054 1280 3121 Gap.
1300 3057 1427 3122 queritis,

383 3145 559 3211 carpendam
591 3140 626 3194 ad
656 3138 777 3192 Demetr.
805 3134 879 3205 prael.
928 3139 1016 3191 nebda
1031 3139 1062 3192 de
1076 3141 1238 3206 laquearibus
1250 3141 1426 3212 perpeccatiu

385 3228 466 3283 From
484 3227 539 3282 this
557 3227 580 3280 it
596 3227 620 3279 is
638 3225 713 3294 quite
731 3222 803 3278 clear
819 3221 881 3276 that
929 3221 1013 3277 tothe
1021 3223 1227 3278 circumstances
1237 3223 1302 3278 here
1310 3223 1428 3278 referred

382 3317 533 3383 suspendere
552 3313 576 3366 is
595 3309 750 3381 equivalent
770 3315 798 3363 to
819 3311 880 3362 reti-
929 3314 967 3374 to,
987 3308 1141 3363 Tertullian
1156 3309 1212 3364 also
1232 3309 1336 3364 allodes
1355 3310 1384 3364 iu
1402 3327 1428 3363 c.

382 3417 451 3465 ocra,
474 3400 531 3454 like
553 3403 634 3453 mum
650 3397 810 3463 cnapenwe,
828 3392 879 3448 dre.
929 3397 971 3448 24.
993 3398 1063 3450 aliua
1090 3398 1168 3450 naba
1196 3403 1313 3450 numeret
1338 3414 1427 3462 mana,

382 3484 522 3555 (compare
544 3483 620 3552 Virg.
640 3482 737 3550 Georg.
761 3499 780 3534 1.
804 3478 879 3550 214.)
928 3484 997 3535 alias
1013 3484 1156 3536 bonnaria.

382 3571 459 3626 Next
477 3571 548 3624 from
565 3587 582 3624 a
601 3585 710 3638 passage
729 3567 759 3620 in
782 3565 880 3620 Seneca
979 3565 999 3596 ¹⁶
1016 3572 1129 3636 aspreta
1135 3585 1149 3630 ;
1167 3566 1223 3622 thi
1234 3566 1308 3620 word
1318 3566 1427 3635 implica

382 3657 483 3726 Quoest.
504 3656 569 3710 Nat.
590 3672 632 3709 111.
652 3655 694 3713 27.
715 3648 818 3723 (which
837 3651 879 3705 Dr
927 3651 974 3706 the
993 3652 1044 3721 dry
1058 3652 1111 3706 and
1130 3651 1273 3708 shrivelled
1288 3653 1426 3706 condition

381 3742 487 3797 Ashton
495 3741 544 3795 has
550 3740 661 3795 marked
668 3741 697 3793 in
704 3739 751 3793 the
758 3736 877 3810 margin)
927 3738 1016 3792 which
1033 3738 1133 3810 fasting
1150 3740 1202 3794 and
1220 3738 1426 3794 sels-mortifica·

381 3833 442 3884 elisa
451 3835 545 3891 astate,
554 3829 633 3880 hierna
638 3829 761 3895 pertineo
770 3829 878 3878 immeo·
926 3825 984 3878 tion
999 3825 1196 3894 willproduce,
1207 3825 1261 3880 and
1276 3825 1300 3879 is
1316 3824 1426 3894 exactly

381 3931 438 3970 sam
453 3915 506 3966 vim
524 3928 653 3979 aquaram
667 3914 754 3978 ruptis
767 3911 878 3963 aubibus
926 3910 1080 3978 equivalent
1098 3917 1127 3965 to
1144 3910 1192 3964 the
1205 3910 1302 3980 phrase
1318 3915 1426 3980 spoapr'a

382 4004 481 4064 meat,
496 3997 519 4050 it
533 4013 645 4064 appears
658 3995 718 4049 that
732 4003 809 4050 rastas
824 3993 877 4048 and
926 4013 1044 4065 capram
1071 3995 1162 4050 which
1190 3995 1285 4052 ,Celsus
1314 4015 1343 4051 so
1370 3996 1426 4052 fre-

381 4089 461 4144 tama
486 4099 556 4139 ware
579 4081 661 4135 taken
685 4081 728 4135 for
752 4080 800 4136 the
825 4080 877 4150 dry
925 4082 1040 4152 quently
1051 4081 1180 4150 employa
1216 4081 1264 4137 See
1280 4082 1425 4138 Matthie’s

380 4173 434 4228 and
445 4176 499 4225 wat
512 4185 617 4224 seaaons
627 4166 811 4236 respectively,
823 4167 876 4220 and
924 4168 1014 4234 index,
1031 4167 1073 4221 ed.
1087 4171 1141 4220 4to.
1161 4166 1247 4237 bugd.
1267 4167 1331 4226 aas..
1346 4167 1425 4228 1786.

379 4257 514 4316 therefore
524 4254 572 4310 the
583 4252 709 4322 meaning
720 4251 751 4306 of
758 4251 805 4306 the
816 4257 876 4307 text
925 4256 1007 4319 dilati,
1028 4253 1046 4306 i.
1054 4270 1078 4306 e.
1097 4251 1232 4318 distantes,
1251 4253 1429 4312 abstinentes,

380 4361 466 4400 seems
476 4349 505 4397 to
516 4341 559 4408 ba,
575 4342 594 4368 “
602 4338 683 4393 when
695 4337 743 4392 the
756 4355 877 4394 summer
924 4342 1024 4394 iooidr'a
1034 4341 1124 4392 mam
1135 4341 1280 4393 tundimus.
1291 4357 1318 4392 v.
1331 4338 1423 4409 intpp.

380 4430 510 4500 droughts
519 4422 692 4499 (prolongod)
700 4423 771 4493 keep
780 4424 821 4480 off
828 4423 875 4480 tha
924 4423 1090 4478 adduam.
1108 4425 1166 4480 123.
1201 4427 1327 4480 tsroidiam
1343 4428 1424 4480 abead

380 4513 582 4572 ainterraius.”
917 4511 1008 4577 faeere
1029 4509 1136 4580 strictly
1158 4527 1256 4572 means.
1274 4512 1321 4569 ‘to
1342 4516 1424 4588 seta
