3306 5176
404 341 451 408 48
790 361 1056 413 rasruumanr

279 529 355 638 {ll}
402 538 465 636 pli,
491 563 554 636 pro
579 538 680 613 aditu
713 541 821 627 sacri;
860 566 931 615 nou
963 542 1048 616 licet
1078 541 1161 615 deos
1192 566 1293 615 nosse
1318 541 1440 640 gratis,

244 663 543 738 *venales
568 675 663 738 suut.
696 663 798 751 Quid
822 667 966 740 omniuo
990 666 1035 740 ad
1061 665 1282 739 honorandos
1305 691 1362 738 eos
1387 665 1440 737 fa-

402 790 494 874 citis,
520 791 615 888 quod
644 816 715 864 nou
748 793 856 866 etiam
883 793 1033 866 mortuis
1063 793 1190 866 vestris
1220 791 1439 865 conferatis?

402 915 493 990 aedes
518 916 677 1014 proinde,
708 942 784 991 aras
813 917 971 1016 proinde.
1020 918 1120 992 Idem
1146 917 1291 992 habitus
1318 929 1355 991 et
1385 919 1440 990 in-

402 1043 517 1141 signia
543 1044 580 1115 in
609 1044 746 1116 statuis.
798 1043 857 1117 Ut
889 1054 987 1129 aetas,
1017 1053 1060 1118 ut
1088 1069 1153 1130 ars,
1180 1055 1223 1117 ut
1256 1045 1441 1141 negotium

401 1169 533 1242 mortui
564 1167 646 1253 fuit,
676 1167 729 1242 ite
760 1168 846 1242 deus
880 1180 944 1243 est.
996 1167 1082 1256 Quo
1112 1169 1235 1242 differt
1265 1170 1309 1240 ab
1335 1168 1441 1266 epulo

401 1291 503 1367 Jovis
526 1293 785 1368 silicernium?
817 1295 1011 1392 esimpulo
1035 1297 1151 1368 obba?
1184 1296 1229 1368 ab
1256 1293 1441 1392 haruspice

400 1419 615 1518 pollinctor?
642 1445 724 1492 nam
743 1431 779 1494 et
795 1418 973 1518 haruspex
990 1421 1139 1494 mortuis
1155 1425 1329 1518 apparet⁷.
1368 1419 1439 1492 Sed

400 1546 509 1644 digne
533 1547 802 1644 imperatoribus
832 1546 1010 1621 defunctis
1037 1546 1204 1621 honorem
1237 1546 1439 1619 divinitatis

400 1670 537 1756 dicatis,
553 1671 680 1768 quibus
696 1682 733 1745 et
750 1672 952 1745 viventibus
967 1696 1046 1744 eum
1064 1671 1240 1744 addicitis.
1278 1671 1438 1766 Accepto

399 1793 534 1872 ferent8
568 1797 619 1870 dii
648 1799 768 1883 vestri,
800 1798 872 1870 imo
900 1797 1187 1895 gratulabuntur,
1214 1796 1308 1893 quod
1338 1821 1439 1893 pares

400 1925 450 1997 eis
476 1924 565 1997 fiant
587 1923 723 1996 domini
745 1925 810 1997 sui.
859 1923 929 1996 Sed
954 1947 1063 2021 quum
1088 1921 1324 1996 Larentinam
1348 1924 1438 2020 pub·

399 2049 507 2123 licum
528 2060 693 2135 scortum,
716 2049 821 2123 velim
847 2047 971 2122 saltem
999 2047 1148 2120 Laidem
1170 2058 1232 2120 aut
1252 2045 1438 2144 Phrynen,

399 2176 493 2250 inter
509 2174 535 2248 J
537 2200 671 2249 uuoues
688 2185 725 2248 et
741 2175 883 2248 Cereres
901 2199 941 2247 ac
962 2173 1098 2246 Dianas
1121 2172 1298 2259 adoratis;
1327 2197 1437 2269 quum

401 2299 578 2374 Simonem
603 2299 774 2398 Magum⁹
797 2311 915 2373 statua
939 2309 977 2372 et
998 2299 1228 2397 inscriptione
1248 2298 1360 2370 sancti
1379 2297 1437 2370 dei

398 2427 640 2524 inauguratis;
677 2451 787 2524 quum
814 2425 859 2499 de
892 2424 1135 2523 padagogiis¹⁰
1166 2423 1290 2497 aulicis
1320 2423 1438 2496 nescio

447 2698 459 2731 ⁶
478 2699 644 2770 Simpulum
664 2701 726 2757 Vid.
739 2701 810 2771 Rup.
824 2701 894 2756 lixo.
943 2699 1087 2754 Salmasius
1097 2717 1133 2754 on
1143 2699 1191 2754 tho
1201 2716 1310 2770 passage
1322 2701 1353 2754 of
1361 2699 1439 2768 Spar·

396 2787 431 2843 ud
441 2787 508 2842 Juv.
520 2806 557 2842 vr.
568 2789 629 2843 343.
664 2788 755 2857 Iutpp.
764 2788 799 2842 ud
809 2787 893 2856 Apul.
941 2787 1032 2842 tianus
1044 2786 1143 2856 quoted
1155 2785 1249 2840 below.

396 2873 475 2945 Apol
480 2876 541 2930 434.
564 2877 643 2937 ὠὸπ
656 2873 768 2928 Casaub.
776 2874 811 2928 ad
821 2873 893 2929 Pers.
991 2869 1011 2901 ¹⁰
1023 2873 1204 2941 Poedapogiia;
1217 2871 1277 2926 The
1286 2873 1439 2942 expression

395 2979 421 3017 v.
434 2965 493 3016 148.
940 2957 993 3012 and
1012 2957 1060 3012 the
1078 2959 1192 3027 practice
1210 2975 1255 3013 are
1275 2959 1342 3012 both
1362 2958 1438 3012 illus·

444 3045 602 3116 ⁷Appurera
618 3049 706 3101 duni.
745 3046 812 3101 This
831 3046 855 3100 is
874 3063 891 3100 a
938 3044 1026 3098 trated
1043 3045 1081 3113 by
1099 3043 1205 3113 Lipsius
1228 3044 1292 3098 Exc.
1316 3044 1350 3097 ud
1373 3044 1437 3099 Tac.

394 3134 492 3205 special
510 3151 584 3188 senae
600 3132 631 3186 of
642 3150 764 3202 apparere
780 3131 891 3202 siguify-
939 3129 1037 3184 rinnel.
1045 3149 1091 3182 xv.
1100 3129 1133 3183 B.
1160 3129 1322 3184 Prudentius
1330 3125 1438 3200 (Contr.

394 3221 611 3291 ingma'na'strure,
622 3227 723 3288 proesto
738 3221 890 3283 mosoliam,
940 3216 1042 3285 Symm.
1068 3234 1086 3270 r.
1102 3214 1167 3288 271)
1185 3215 1288 3270 alludes
1303 3216 1341 3284 by
1357 3233 1437 3271 name

394 3307 484 3362 which
494 3308 518 3362 is
528 3306 585 3361 still
592 3305 746 3360 retainedin
757 3322 808 3359 our
815 3303 889 3358 word
938 3308 966 3356 to
978 3302 1025 3356 the
1036 3306 1120 3357 narem
1132 3320 1206 3371 quem
1217 3301 1249 3356 of
1256 3301 1302 3356 the
1314 3308 1389 3356 text:

395 3394 549 3494 ‘marim
557 3391 576 3458 ἶ,
593 3409 636 3446 ⁸⁸⁰
647 3410 670 3446 θ’
678 3395 721 3445 48⁸
738 3393 889 3460 quljwido
963 3438 1022 3484 Quid
1036 3439 1113 3490 loquar
1125 3437 1248 3480 Antinoum
1259 3437 1345 3480 coelesti
1358 3438 1411 3480 sede

395 3480 447 3532 Der
457 3486 578 3548 opiparem
595 3479 629 3533 ed
643 3478 727 3532 Uxor.
744 3496 763 3531 r.
774 3482 800 3531 4.
817 3493 889 3545 prce·
988 3507 1084 3547 iocatum

394 3581 475 3628 sume,
488 3583 531 3619 oro
545 3572 576 3630 te,
592 3566 660 3618 nihil
672 3566 718 3618 tibi
728 3581 792 3631 opus
802 3565 889 3618 easeai
964 3573 1031 3614 illum
1045 3571 1137 3614 delicias
1150 3583 1210 3614 nunc
1222 3572 1273 3615 Divi
1286 3572 1406 3625 principia:

393 3651 495 3704 domim
506 3668 638 3719 apparens.
671 3649 889 3703 Itiausedebso-
964 3639 1047 3748 pillum
1086 3707 1090 3718 ¹
1184 3707 1189 3716 ,
1257 3707 1271 3749 1·

393 3733 490 3804 Μῶν,
508 3740 569 3790 ‘m
583 3737 613 3789 in
626 3733 753 3803 waiting„
770 3735 800 3787 in
813 3733 888 3803 virg·
981 3718 1109 3816 uvffipmom
1119 3718 1204 3760 gremio
1216 3710 1335 3759 speratum
1349 3711 1409 3750 sorte

394 3821 590 3876 AEu.x11.850.

443 3905 455 3936 ⁸
472 3907 578 3974 Accepto
588 3907 672 3973 serre,
689 3913 718 3960 to
729 3906 790 3975 gire
805 3904 889 3958 credit
990 3910 1145 3980 Spartianus
1165 3909 1253 3980 (Hist.
1275 3911 1347 3981 Aug.
1366 3929 1385 3964 1.
1405 3929 1432 3980 p.

392 3992 434 4048 for
454 4010 483 4046 as
501 4010 518 4046 a
535 3991 637 4046 favour.
673 3991 733 4046 The
752 3990 888 4060 phraseis
939 3995 1003 4068 136)
1026 3998 1101 4066 gives
1124 3996 1172 4050 tho
1198 4001 1302 4065 reporta
1323 4003 1434 4054 current

392 4078 456 4134 well
469 4077 578 4143 known,
593 4077 643 4131 but
653 4077 676 4130 it
686 4077 710 4131 is
720 4093 795 4130 more
811 4094 888 4146 gene·
937 4082 1019 4136 about
1034 4082 1089 4136 this
1102 4083 1293 4149 canonization,
1310 4083 1364 4136 and
1378 4088 1445 4138 two·

392 4161 797 4234 rallyresemeinearlierhatin.
814 4162 889 4232 Apu·
937 4174 1013 4222 notes
1021 4167 1052 4220 of
1060 4166 1219 4222 Causeubon
1227 4169 1280 4222 and
1286 4169 1434 4222 Salmasius

392 4251 461 4306 laius
473 4244 566 4320 (Apol.
576 4246 642 4318 552)
654 4247 703 4302 baa
716 4265 771 4303 meo
785 4254 889 4306 muneri
938 4251 981 4322 (in
996 4252 1086 4306 which
1097 4252 1152 4306 this
1162 4270 1271 4324 passage
1282 4253 1313 4308 of
1324 4253 1434 4307 Tertul-

391 4343 522 4405 ucoeptum
531 4337 642 4404 serebat·
936 4337 1433 4408 lianisincludedaudillustrated)will

442 4420 454 4453 ⁰
478 4424 549 4477 Simo
574 4421 684 4490 Magus.
727 4417 760 4473 V.
786 4420 887 4492 Bishop
936 4423 1011 4477 shew
1031 4423 1105 4478 what
1129 4425 1246 4480 classical
1265 4423 1432 4493 scholarship

393 4508 492 4576 Kayeb
516 4506 676 4571 Tertullian,
701 4523 728 4575 p.
752 4505 812 4572 678,
835 4509 887 4564 and
937 4525 992 4564 was
1002 4515 1057 4564 two
1068 4512 1200 4566 centurias
1214 4509 1432 4578 andabalfago.
