3306 5176
405 345 453 417 46
779 363 1049 415 rensunnrnwr

280 571 358 626 cnr.
405 545 464 618 tis.
516 544 635 641 Igitur
660 543 690 617 si
715 553 849 618 stutuus
877 556 914 620 et
936 547 1109 644 imagines
1134 545 1281 644 frigidas
1306 556 1442 618 mortu·
1491 641 1495 650 ³

246 633 506 743 ..Xilssorum
530 693 669 742 suorum
695 665 893 742 simillimas
917 695 989 743 non
1013 670 1209 754 adoramus,
1231 695 1318 768 quas
1340 670 1441 742 milvi

406 807 443 870 et
475 819 592 868 mures
626 805 662 868 et
697 817 832 867 arnneae
865 793 1104 892 intelligunt⁷‚
1144 819 1264 868 nonne
1299 794 1441 868 laudem

406 921 529 1018 magis,
557 943 662 1016 quam
693 943 845 1017 poenam,
879 921 1079 994 merebatur
1108 920 1295 1018 repudium
1327 921 1442 1015 agniti

407 1046 558 1120 erroris?
606 1043 801 1119 Possumus
831 1045 927 1119 enim
956 1045 1068 1119 videri
1096 1045 1224 1120 laedere
1254 1071 1322 1131 eos,
1356 1071 1443 1143 quos

408 1173 496 1246 certi
530 1195 651 1246 sumus
684 1173 827 1245 omnino
858 1196 927 1244 non
962 1175 1064 1246 esse?
1129 1171 1240 1257 Quod
1271 1197 1340 1244 non
1379 1183 1444 1256 est,

408 1295 502 1369 nihil
525 1298 569 1370 ab
594 1295 669 1369 ullo
694 1297 842 1394 patitur,
867 1298 1047 1394 quianon
1072 1307 1138 1370 est.

249 1415 376 1463 Y⁰¹¹²¹⁰²t
484 1419 606 1494 XIII.
660 1420 731 1494 Sed
756 1421 858 1494 nohis
878 1420 937 1494 dei
962 1432 1057 1505 sunt,
1074 1423 1235 1517 inquitis.
1287 1423 1341 1494 Et
1359 1447 1443 1518 quo·

248 1485 311 1522 them
322 1473 377 1520 wito

145 1543 148 1554 ’
248 1548 382 1640 {ilffl'
408 1547 513 1620 modo
537 1571 597 1620 vos
624 1571 643 1620 e
673 1547 846 1620 contrario
872 1546 974 1642 impii
1005 1558 1042 1619 et
1076 1546 1236 1644 sacrilegi
1270 1559 1307 1620 et
1331 1547 1445 1619 irreli-

249 1651 346 1710 ⁸¹¹¹¹¹⁸¹''
409 1673 499 1770 giosi
530 1697 614 1769 erga
645 1671 727 1745 deos
756 1684 888 1745 vestros
918 1669 1234 1770 deprehendimini,
1267 1675 1329 1769 qui
1360 1697 1446 1769 quos

409 1797 624 1892 praesumitis
647 1821 733 1880 esse,
751 1795 954 1893 negligatis,
977 1820 1063 1892 quos
1081 1796 1227 1882 timetis,
1245 1797 1446 1882 destruatis

411 1947 497 2018 quos
521 1922 629 1995 etiam
659 1919 858 2007 vindicatis,
883 1921 1070 1994 illudatis?
1124 1922 1390 2019 Recognoscite,
1417 1923 1447 1994 si

411 2048 577 2121 mentiar.
624 2045 745 2119 Primo
763 2045 918 2142 quidem,
939 2071 1019 2119 cum
1040 2045 1103 2118 alii
1124 2046 1211 2118 alios
1228 2046 1353 2129 colitis,
1374 2047 1447 2120 uti-

411 2199 480 2272 que
506 2199 592 2271 quos
617 2197 687 2246 non
712 2170 837 2256 colitis,
866 2171 1057 2245 offenditis.
1109 2171 1277 2245 Praelatio
1302 2171 1448 2246 alterius

412 2299 488 2373 sine
509 2297 724 2372 contumelia
747 2295 892 2370 alterius
912 2321 983 2370 non
1003 2307 1121 2393 potest
1143 2296 1339 2394 procedere,
1363 2297 1448 2393 quia

412 2451 478 2499 nec
502 2425 627 2499 electio
650 2425 726 2497 sine
750 2424 1022 2520 reprobatione¹.
1074 2421 1156 2495 Jam
1184 2449 1268 2520 crgo
1291 2436 1448 2496 oontem-

413 2553 513 2637 nitis,
547 2577 634 2648 quos
666 2551 871 2648 reprobatis,
906 2575 993 2646 quos
1023 2549 1240 2646 reprobando
1272 2548 1448 2622 offendere

414 2701 485 2750 non
511 2677 658 2750 timetis.
705 2676 801 2748 Nam
827 2687 870 2748 ut
899 2699 1003 2772 supra
1027 2675 1309 2772 perstrinximus,
1335 2685 1449 2748 status

415 2802 474 2876 dei
491 2805 660 2900 cujusque
674 2803 713 2874 in
729 2811 871 2874 senatus
885 2800 1118 2874 estimatione
1131 2801 1318 2897 pendebat.
1345 2801 1449 2874 Deus

414 2954 486 3002 non
504 2939 591 3014 erat,
608 2953 713 3024 quem
730 2925 836 3000 horno
852 2925 1033 3000 consultus
1050 2925 1222 3000 noluisset
1244 2939 1281 3000 et
1297 2926 1449 3000 nolendo

312 3141 317 3154 .
355 3138 362 3152 ι
416 3056 642 3128 damnasset'.
697 3053 922 3125 Domesticos
956 3052 1049 3136 deos,
1081 3078 1167 3149 quos
1197 3051 1287 3126 lares
1320 3052 1448 3140 dicitis,

468 3389 658 3460 'intelligerem
678 3391 761 3445 ‘hove
779 3408 796 3444 a
811 3396 912 3444 correct
1011 3386 1114 3444 ’Deus
1135 3407 1187 3443 non
1209 3397 1274 3456 crat,
1298 3388 1348 3444 &c
1391 3389 1452 3445 The

417 3477 573 3544 conception
591 3476 634 3542 of,’
651 3494 680 3530 as
699 3476 766 3546 they
784 3475 857 3530 show
875 3476 913 3544 by
960 3475 1034 3529 word
1053 3477 1185 3530 mum
1204 3475 1268 3529 adds
1287 3481 1362 3544 great
1381 3475 1452 3530 foros

418 3562 489 3617 their
506 3567 711 3632 contemptuous
724 3567 869 3616 treatment
886 3561 916 3614 of
960 3567 989 3614 to
1011 3559 1058 3614 the
1078 3563 1244 3614 sentence-‘
1251 3560 1303 3626 He,
1324 3559 1415 3615 whom
1436 3579 1454 3616 a

418 3647 465 3702 the
483 3654 592 3702 statues.
633 3647 693 3701 The
709 3647 914 3701 circumstances
961 3664 1034 3709 mun,
1057 3646 1137 3701 when
1159 3646 1242 3700 asked
1266 3646 1309 3700 his
1330 3646 1454 3716 pleasure

418 3732 483 3787 here
505 3733 613 3788 nlluded
636 3740 664 3788 to
687 3751 732 3788 are
758 3732 914 3802 frequently
961 3733 1043 3787 chnut
1069 3732 1116 3787 the
1145 3737 1252 3798 matter,
1279 3733 1400 3788 declined
1424 3739 1454 3788 to

419 3819 572 3873 mentioned
583 3819 612 3872 'ur
623 3819 729 3874 ancient
740 3820 852 3884 writers,
861 3819 914 3872 und
962 3819 1036 3889 deify
1054 3816 1190 3889 (mcum
1207 3837 1263 3873 esse
1281 3818 1387 3891 Deum)
1401 3820 1455 3876 and

420 3904 467 3958 the
485 3905 585 3974 images
600 3922 671 3959 were
686 3905 838 3959 sometimes
853 3921 915 3972 pro-
962 3906 1000 3975 by
1015 3905 1071 3960 this
1092 3904 1192 3959 rehrsul
1209 3905 1383 3972 condemned,
1400 3923 1455 3962 wns

420 3991 507 4045 tected
518 3992 556 4060 by
567 4009 584 4046 a
594 3991 655 4045 thiu
669 3992 741 4062 plate
757 4007 793 4044 on
806 3990 854 4044 the
867 4000 914 4060 top
962 4009 997 4046 no
1013 3991 1065 4062 god
1079 3997 1108 4046 at
1122 3990 1176 4045 all!
1199 3993 1263 4044 nolle
1273 3991 1327 4044 and
1337 3995 1398 4046 celle
1409 4009 1455 4046 ure

420 4076 451 4131 of
466 4076 513 4130 the
531 4076 608 4130 head.
962 4077 1037 4132 often
1047 4077 1113 4131 used
1124 4082 1152 4130 to
1164 4075 1456 4148 implyaperemptory

473 4162 556 4216 XIII.
589 4161 676 4218 1The
688 4180 760 4218 sume
772 4170 914 4234 argument
963 4164 1086 4228 decisicn,
1109 4163 1210 4231 resting
1232 4161 1297 4230 only
1319 4161 1387 4216 with
1408 4161 1455 4218 the

420 4248 524 4303 isused
537 4248 571 4302 nd
586 4248 670 4303 Uxor.
685 4267 704 4303 1.
720 4251 745 4303 3.
780 4253 915 4320 ‘quodum
962 4249 1083 4304 absolute
1105 4249 1162 4303 will
1185 4249 1217 4303 of
1240 4266 1276 4302 an
1299 4248 1455 4303 individunl.

421 4338 705 4402 modouctomunoum
716 4339 769 4390 alio
779 4339 831 4390 tute
842 4352 915 4405 proe·
963 4334 1097 4405 Apuleius
1120 4335 1187 4390 Met.
1215 4353 1263 4389 vn.
1288 4333 1347 4394 1³7.
1372 4337 1455 4389 nuuc

414 4423 563 4488 seruatum
584 4423 707 4490 proelotio
726 4425 795 4477 enim
817 4427 916 4491 superi·
965 4423 1058 4477 Coesar
1073 4440 1126 4478 esec
1141 4421 1234 4476 Hoemi
1248 4424 1377 4490 ωῑὶῳὶηοη
1393 4415 1456 4489 (he.

422 4526 498 4562 mum
510 4510 638 4562 dtasunmo
648 4515 686 4562 cst
697 4508 868 4576 inferiorum!
964 4508 1131 4580 latronum:
1152 4517 1178 4564 et
1187 4509 1320 4576 moscetim
1334 4509 1435 4561 taterte't
1442 4524 1455 4568 ;
