3306 5176
517 373 632 422 ninere
659 373 959 424 Anonoounrcus.
1200 359 1246 425 15

212 550 340 646 quibus
369 545 572 633 damnandi,
598 551 635 622 in
662 549 790 646 quibus
813 551 986 624 irridendi
1003 551 1245 648 deputamur².
1297 573 1371 680 crip'

213 672 284 747 Sed
306 676 483 771 quoniam,
510 701 589 748 cum
607 674 786 750 adomnia
802 675 952 750 occurrit
969 678 1098 750 veritas
1115 689 1245 761 nostra,
1261 667 1407 736 --'-

211 811 387 896 postremo
408 801 528 898 legum
551 803 745 875 obstruitur
765 804 954 876 auctoritas
973 801 1136 876 adversus
1157 827 1246 886 eam,

212 939 255 1000 ut
280 939 343 1000 aut
367 926 460 1000 nihil
490 929 629 1002 dicatur
652 929 914 1003 retractandum
939 955 1013 1003 esse
1036 942 1117 1027 post
1138 930 1250 1028 leges,

212 1063 275 1126 aut
295 1053 445 1147 ingratis
467 1055 655 1126 necessitas
672 1053 830 1150 obsequii
846 1053 1052 1151 praeferatur
1069 1054 1245 1139 veritati³3

212 1177 256 1251 de
281 1178 418 1271 legibus
448 1179 546 1276 prius
574 1205 775 1253 concurram
803 1182 983 1253 vobiscum
1009 1193 1052 1254 ut
1077 1205 1155 1253 curn
1187 1191 1246 1253 tu-

211 1304 344 1376 toribus
367 1304 500 1401 legum.
552 1303 635 1377 Jam
662 1306 816 1401 primum
841 1329 945 1402 quam
972 1305 1060 1377 dure
1089 1305 1247 1378 definitis

210 1428 379 1502 dicendo:
416 1432 500 1502 Non
532 1430 615 1502 licet
648 1455 721 1503 esse
752 1433 842 1503 vos⁴t
893 1427 947 1503 Et
972 1429 1038 1503 hoc
1067 1431 1143 1503 sine
1172 1430 1247 1504 ullo

209 1566 402 1629 retractatu
423 1555 631 1628 humaniore
653 1557 904 1651 praescribitis3
931 1557 1003 1628 vim
1030 1556 1246 1652 profitemini

210 1693 247 1754 et
270 1683 431 1777 iniquam
453 1707 498 1754 ex
525 1707 602 1755 erce
628 1682 918 1768 dominationem,
944 1684 974 1755 si
999 1681 1079 1755 ideo
1106 1683 1248 1780 negotis

209 1807 325 1892 licere,
361 1808 444 1902 quia
477 1806 597 1892 vultis,
637 1831 709 1880 non
745 1809 828 1904 quia
859 1808 995 1894 debuit,
1025 1833 1096 1881 non
1127 1808 1245 1881 licere.

210 1932 345 2018 Quodsi
369 1933 452 2029 quio
473 1956 544 2004 non
564 1931 680 2017 debet,
703 1931 783 2005 ideo
806 1957 877 2004 non
897 1932 1007 2006 vultis
1029 1933 1144 2019 licere,
1169 1934 1247 2006 sinc

209 2059 318 2131 dubio
339 2058 378 2130 id
404 2082 476 2130 non
499 2057 605 2130 debet
625 2058 742 2143 licere,
764 2057 859 2154 quod
880 2060 973 2132 male
989 2058 1044 2146 fit,
1062 2071 1098 2133 et
1120 2061 1247 2155 utique

209 2185 276 2258 hoc
310 2186 385 2282 ipso
416 2183 668 2281 praejudicatur
700 2184 816 2270 licere,
849 2186 944 2281 quod
975 2187 1065 2258 bene
1100 2185 1152 2258 fit.
1206 2185 1246 2258 Si

208 2314 340 2386 bonum
357 2313 524 2384 invenero
539 2335 624 2395 esse,
646 2311 741 2408 quod
754 2312 814 2385 lex
829 2324 893 2385 tua
909 2312 1105 2410 prohibuit,
1127 2338 1247 2386 nonne

209 2464 252 2511 ex
276 2438 339 2510 illo
363 2435 568 2534 praejudicio
593 2436 778 2535 prohibere
809 2463 865 2510 me
892 2464 963 2511 non
989 2450 1118 2535 potest,
1151 2440 1245 2537 quod

170 2611 178 2626 .
209 2566 239 2637 si
267 2564 401 2636 malum
428 2573 529 2648 esset,
553 2567 635 2660 jure
662 2562 885 2660 prohiberet?
935 2564 988 2638 si⁵
1009 2566 1076 2639 ⁴lex
1099 2577 1163 2640 tue
1191 2592 1244 2639 er-

208 2691 310 2775 ravit,
328 2700 426 2786 puto,
451 2691 495 2762 ab
511 2687 656 2762 homine
671 2700 839 2786 concepta
855 2701 929 2776 est3
954 2715 1069 2786 neque
1087 2693 1182 2764 enim
1201 2691 1245 2764 de

208 2815 294 2888 coelo
319 2816 402 2888 ruit.
456 2816 640 2887 Miramini
664 2813 843 2886 hominem
868 2827 931 2887 aut
953 2840 1067 2888 errare
1089 2817 1245 2912 potuisse

208 2938 245 3014 in
278 2941 357 3038 lege
389 2941 580 3026 condenda,
613 2951 676 3013 aut
711 2941 897 3038 resipuisse
930 2942 969 3013 in
1000 2941 1244 3040 reprobanda?

208 3065 339 3139 Nonne
374 3078 411 3139 et
444 3068 555 3163 ipsius
580 3063 736 3163 Lycurgi
768 3065 865 3162 leges
901 3093 923 3139 a
962 3065 1245 3140 Lacedaemoniis

256 3333 422 3404 9Πορκίανί.
462 3334 531 3388 This
547 3333 701 3402 expression
751 3331 808 3386 will
837 3350 868 3386 or
894 3339 950 3398 not,
977 3332 1024 3386 the
1050 3333 1245 3402 indispenssble

205 3422 282 3475 isof
304 3422 430 3491 frequent
453 3437 611 3475 occurrence
634 3418 701 3472 with
750 3419 882 3486 necessity
919 3418 950 3472 of
988 3418 1130 3472 obedience
1168 3419 1247 3478 takes

205 3507 252 3562 the
269 3509 395 3576 meaning
414 3510 457 3561 ‘to
474 3508 507 3560 be
524 3505 646 3575 assigned
663 3512 700 3569 to,
740 3504 910 3572 ,precedence
942 3505 974 3558 of
1004 3523 1058 3574 any
1087 3512 1191 3572 respect
1218 3513 1246 3560 to

204 3593 336 3648 rechoned
353 3592 493 3663 cmongst’
516 3592 550 3646 de
564 3591 660 3648 Poenit.
677 3609 699 3646 c.
750 3589 835 3644 truth.
850 3585 853 3592 ’
871 3608 1025 3644 concurram
1040 3593 1167 3645 vobiscum
1184 3593 1247 3646 de-

204 3681 229 3734 3.
259 3682 379 3744 ριιονιιηι
391 3697 452 3748 cryc
462 3681 614 3747 penitentia
623 3682 699 3746 justo
750 3675 791 3728 “I
824 3675 881 3730 will
910 3693 1011 3745 engsge
1038 3693 1094 3745 you
1125 3694 1161 3730 on
1191 3677 1247 3731 this

204 3768 605 3832 stomeaudemcmcescqooe
613 3766 701 3818 delicto
749 3769 899 3830 argument.
910 3761 925 3780 ''
977 3763 1011 3816 So
1041 3762 1162 3832 Laetunt.
1194 3763 1246 3831 Ep.

205 3852 349 3918 deputando
369 3859 440 3906 sunt.
482 3851 518 3904 In
538 3849 609 3903 Exh.
628 3849 699 3904 Cast.
751 3847 784 3901 D.
810 3848 833 3900 Ι.
858 3851 900 3902 52.
924 3853 1024 3903 ratione
1050 3851 1168 3918 concredi
1193 3867 1246 3903 nou

205 3952 227 3988 c
245 3937 270 4000 6,
289 3937 311 3989 it
329 3939 428 3992 retains
445 3936 493 3990 the
514 3936 558 3990 old
577 3953 652 3990 sense
672 3935 703 3989 of
750 3940 854 4000 queunt.

201 4028 273 4087 puto,
297 4039 326 4074 as
351 4023 406 4076 also
433 4023 463 4076 in
485 4039 508 4077 c.
534 4025 567 4075 19
590 4021 621 4074 of
645 4020 699 4074 this
799 4018 913 4074 ‘What
927 4037 944 4074 o
958 4020 1109 4090 tyrannicul
1123 4027 1246 4075 sentence

204 4109 319 4160 trectise.
354 4107 395 4162 Cf.
408 4108 482 4178 Virg.
495 4108 529 4162 G.
541 4123 572 4160 rr.
584 4107 644 4166 407.
747 4107 770 4160 it
781 4108 805 4160 is
815 4112 844 4160 to
854 4124 1009 4176 prononnce
1020 4114 1049 4162 st
1060 4125 1134 4172 once,
1144 4110 1162 4135 “
1169 4106 1247 4160 Your

255 4191 311 4247 3ιιι
332 4201 379 4247 out
397 4197 537 4249 nibil—so
561 4193 621 4248 thot
643 4210 699 4262 you
749 4207 815 4261 very
830 4193 964 4246 existence
979 4193 1002 4246 is
1017 4192 1140 4263 illegei!''
1174 4211 1200 4246 v.
1212 4192 1246 4246 od

202 4298 293 4350 argue,
309 4280 404 4346 either,
419 4280 478 4334 that
492 4281 561 4335 efter
574 4279 621 4334 the
634 4279 699 4333 finsl
749 4296 770 4331 e.
792 4281 824 4330 21
848 4278 902 4332 and
921 4279 1193 4332 38.—dominctionem
1213 4295 1246 4334 ec

203 4367 319 4420 decision
327 4366 358 4420 of
366 4366 413 4420 the
423 4365 477 4419 lew
487 4367 590 4434 eguinst
601 4383 634 4418 us
645 4381 698 4433 orry
747 4381 825 4422 arce3
843 4363 861 4416 i.
872 4381 896 4417 e.
908 4367 1082 4431 tyrannicam.

202 4452 309 4506 further
320 4452 552 4506 considerationes
559 4469 610 4506 our
621 4469 699 4506 cause
799 4448 858 4504 ⁵Si
877 4449 920 4514 for
939 4451 1036 4517 quodsi.
1055 4452 1163 4512 bomine,
1183 4449 1201 4501 i.
1221 4467 1245 4504 e.

204 4538 226 4590 is
244 4538 351 4603 useless,
372 4555 411 4603 or,
425 4537 485 4592 thot
504 4537 626 4592 whether
644 4554 699 4605 yon
748 4538 861 4599 mortale,
879 4552 931 4588 noo
950 4537 1012 4590 Deo.
