3300 5180
409 351 479 424 116
793 369 1062 421 rnnuuumaur

256 553 516 672 xiiii1.⁶fi³¹¹¹
553 551 648 650 quod
681 563 881 650 temperans
915 557 1140 650 majestatem
1176 550 1323 624 (lanaria
1353 545 1448 620 infra

252 715 393 728 -——-·
408 676 525 762 deum,
548 681 662 775 magia
687 677 791 750 illum
818 677 1024 752 commendo
1050 677 1127 762 deo,
1157 677 1216 750 cui
1244 674 1311 749 soli
1340 673 1451 768 subji-

409 803 471 876 cio.
525 799 681 899 Subjicio
702 814 835 889 autem,
860 804 917 878 cui
939 828 1011 877 non
1035 803 1189 900 adaquo.
1241 801 1325 874 Non
1351 799 1448 872 euim

409 926 515 1001 deum
547 927 794 1025 imperatorem
834 927 961 1014 dicam,
994 928 1052 1003 vel
1080 928 1165 1025 quia
1197 925 1343 1000 mentiri
1373 947 1453 996 nea·

409 1053 474 1138 cio,
502 1051 559 1126 vel
586 1053 671 1149 quia
695 1051 799 1126 illum
831 1052 990 1127 deridere
1020 1077 1093 1125 non
1127 1050 1250 1136 audeo,
1280 1048 1338 1122 vel
1366 1049 1451 1145 quia

409 1201 474 1250 nec
496 1177 626 1274 ipsese
648 1177 755 1251 deum
778 1176 874 1250 volet
893 1177 974 1250 dici.
1027 1177 1067 1250 si
1089 1175 1195 1250 homo
1218 1176 1276 1261 sit,
1299 1175 1451 1248 interest

409 1299 564 1375 hominis
587 1302 653 1376 deo
673 1302 816 1386 cedere;
843 1304 930 1376 satis
951 1301 1083 1376 habeat
1107 1301 1278 1400 appellari
1299 1301 1452 1397 impera-

410 1437 477 1500 tor.
532 1425 680 1500 Grande
706 1438 744 1500 et
770 1425 837 1501 hoe
862 1453 990 1500 nomen
1017 1439 1082 1514 est,
1110 1427 1204 1524 quod
1231 1452 1252 1500 a
1283 1423 1349 1499 deo
1379 1435 1453 1498 tra-

411 1551 519 1625 ditur.
566 1549 690 1650 Negat
718 1551 822 1625 illum
846 1554 1105 1650 imperatorem,
1131 1554 1193 1650 qui
1215 1551 1323 1626 deum
1349 1549 1450 1624 dicit.

411 1675 495 1749 Nisi
519 1673 625 1748 homo
655 1677 713 1761 sit,
743 1701 813 1749 non
846 1687 900 1750 eet
931 1678 1132 1774 imperator.
1185 1677 1379 1750 Hominem
1412 1700 1451 1748 se

411 1827 485 1875 ease
510 1796 871 1900 etiam'triumphans
898 1803 936 1876 in
964 1802 1028 1876 illo
1063 1803 1314 1876 sublimissimo
1345 1825 1452 1874 curru

411 1926 631 2001 admonetur.
691 1926 903 2025 Suggeritur
932 1929 1027 2002 enim
1056 1931 1089 2003 ei
1115 1955 1138 2002 a
1166 1939 1285 2026 tergo:
1318 1926 1451 2024 respice

412 2063 492 2150 poet
523 2063 573 2138 te,
601 2050 783 2126 hominem
821 2064 1000 2127 memento
1030 2059 1095 2130 ιε’.
1148 2051 1203 2128 Et
1230 2053 1357 2150 utique
1383 2049 1453 2127 hoc

412 2178 525 2276 magia
546 2177 680 2276 gaudet
705 2189 807 2252 tanta
829 2205 866 2252 se
889 2179 1003 2278 gloria
1030 2204 1218 2265 coruscare,
1244 2188 1287 2252 ut
1310 2177 1366 2252 illi
1390 2176 1452 2250 ad-

411 2303 562 2377 monitio
598 2303 809 2377 conditionis
847 2329 918 2377 auae
954 2305 1002 2378 eit
1039 2305 1244 2378 necessaria.
1310 2304 1452 2400 [Minor

412 2439 498 2512 erat,
529 2430 559 2501 si
590 2440 677 2502 tuuc
706 2429 794 2504 deur
823 2429 1009 2517 diceretur,
1040 2431 1218 2526 quianon
1246 2453 1326 2502 vere
1356 2427 1452 2502 dice-

409 2551 539 2645 retur]
604 2557 722 2652 Major
758 2565 823 2642 est,
857 2557 919 2654 qui
953 2566 1145 2646 revocatur,
1185 2579 1232 2628 ne
1270 2580 1307 2628 ee
1343 2552 1453 2627 deum

411 2678 604 2753 existimet.

249 2811 399 2978 fflsf’gjfl
486 2797 694 2878 XXXIV.
748 2805 941 2905 Augustus
963 2807 1104 2906 imperii
1127 2805 1306 2892 formator,
1326 2830 1371 2878 ne
1391 2758 1457 2878 do-

250 2945 331 2978 onaan

250 2990 350 3038 omened

251 3056 299 3096 too·
324 3061 325 3064 ,

356 2929 398 2978 ³¹¹·
412 2931 550 3014 minum
578 2929 722 3028 quidem
750 2931 821 3005 dici
845 2957 882 3024 se
905 2931 1088 3020 volebat¹;
1118 2943 1154 3006 et
1181 2929 1248 3006 hoc
1273 2930 1366 3004 euim
1393 2927 1454 3001 dei

412 3069 467 3131 est
497 3081 700 3156 cognomen.
764 3058 892 3132 Dicam
920 3059 1027 3156 plane
1058 3060 1307 3156 imperatorem
1337 3055 1453 3129 domi-

412 3195 520 3267 num,
545 3181 606 3256 sed
633 3207 730 3256 more
762 3185 952 3270 communi,
985 3183 1046 3258 sed
1078 3182 1219 3280 quando
1247 3191 1317 3254 non
1349 3205 1454 3278 cogor

412 3318 455 3380 ut
480 3308 662 3381 dominum
689 3307 747 3382 dei
773 3309 864 3382 vice⁸
887 3309 1016 3382 dicam.
1063 3308 1229 3382 Ceterum
1257 3307 1348 3380 liber
1373 3331 1453 3380 sum

463 3521 536 3579 ³On
554 3523 602 3580 the
622 3525 742 3595 peculiar
760 3526 860 3596 feeling
879 3526 910 3580 of
955 3525 1045 3580 boriue
1067 3524 1123 3578 aleo
1145 3523 1304 3579 interdicted
1323 3524 1370 3579 the
1391 3522 1455 3578 title

412 3609 459 3665 the
482 3611 600 3666 anciente
623 3610 713 3665 which
735 3611 779 3666 led
802 3618 830 3666 to
852 3611 907 3666 thie
956 3609 1023 3664 with
1043 3609 1146 3664 similar
1163 3611 1336 3676 sentimente3
1354 3610 1456 3664 mun-

413 3699 516 3750 cuatom
542 3701 665 3766 amonget
691 3696 789 3762 others,
819 3715 862 3751 aee
891 3713 908 3750 a
957 3694 1456 3769 tlooc'tnere(dominum)oontumelioe

412 3779 521 3840 learned
551 3787 614 3836 note
644 3779 675 3834 of
700 3781 841 3835 casaubon
873 3781 908 3834 ad
957 3799 1050 3835 murac
1067 3786 1222 3836 nominaret.
1261 3782 1333 3836 Suet.
1355 3782 1384 3835 in
1404 3782 1454 3836 vit.

414 3865 522 3919 Sueten.
533 3865 604 3935 Aug.
615 3884 638 3921 c.
650 3869 692 3920 91.
709 3874 733 3921 et
746 3864 906 3934 rationalia.
957 3884 979 3921 c.
1004 3870 1029 3922 2.
1068 3864 1163 3921 Julian
1184 3867 1262 3921 made
1280 3884 1317 3921 an
1338 3873 1455 3935 attempt

413 3949 460 4004 the
470 3953 516 4004 loc
526 3951 609 4006 refers
618 3957 648 4006 to
659 3969 792 4006 ammonae
802 3969 837 4016 ee,
855 3949 908 4005 and
956 3959 984 4008 to
996 3953 1147 4008 revivethia
1157 3953 1332 4020 moderatiori,
1341 3953 1392 4007 bnt
1399 3969 1455 4006 wan

413 4034 461 4091 the
472 4045 503 4090 ut
514 4043 763 4092 answerstotooto.
956 4039 1095 4105 ridiculed,
1118 4056 1148 4092 aa
1176 4038 1266 4109 might
1290 4038 1359 4093 have
1385 4037 1454 4092 been

465 4121 596 4176 XXXIV.
618 4120 628 4151 ¹
645 4123 756 4176 Domini
766 4123 908 4188 appellatio-
956 4124 1095 4194 expected,
1118 4124 1161 4177 for
1177 4123 1221 4178 his
1239 4125 1324 4193 peius.
1359 4122 1454 4178 Domi-

413 4228 472 4265 uem
487 4215 517 4264 ct
530 4211 691 4262 maledictum
705 4215 729 4261 et
745 4209 906 4288 opprobrium
954 4212 1012 4264 tian
1034 4209 1163 4280 legulized
1186 4211 1239 4265 and
1258 4210 1384 4280 enjoined
1405 4209 1453 4264 the

413 4313 509 4364 semper
527 4297 667 4349 cohorruit.
693 4293 765 4348 Suet.
777 4294 847 4364 Aug.
863 4293 905 4348 53.
954 4295 1027 4350 titlee
1059 4296 1091 4350 of
1119 4299 1252 4351 Dominae
1286 4295 1339 4350 and
1370 4297 1453 4351 Deua.

413 4382 503 4437 where
519 4381 566 4436 the
578 4380 732 4449 expression
744 4383 906 4436 meledictum
955 4381 1028 4437 Suet.
1048 4384 1090 4436 13.

413 4485 477 4538 may
493 4469 527 4523 be
544 4465 686 4522 remarked
704 4483 733 4521 as
751 4471 801 4521 one
815 4465 906 4521 which
1004 4465 1153 4532 'decim
1171 4465 1451 4524 intheeenaeofGod.

413 4553 545 4608 cucumin
560 4552 607 4608 the
622 4569 695 4608 earne
706 4551 822 4622 chapter.
858 4551 906 4605 Ti·
953 4553 1119 4614 r.adc.27.'
