3306 5176
275 538 351 588 CAP.

270 597 358 648 XVII.

240 681 382 700 ..h——

240 737 302 784 Now
312 735 370 784 hear

239 811 283 843 our
292 795 340 843 real

240 854 297 902 saith
308 855 356 902 and

239 913 352 972 praefice.

241 973 286 1020 We
296 971 388 1020 believe

239 1030 264 1077 in
274 1031 314 1079 the
324 1032 377 1079 One

240 1089 295 1137 God
305 1090 382 1137 whom

239 1148 272 1196 all
282 1157 365 1196 nature

239 1207 373 1266 proclaims.

401 333 449 400 58
791 349 1058 399 mensunusum

401 527 489 613 Quae
504 526 636 612 'omnia
664 526 820 598 conversi
836 527 914 620 jam
935 525 981 598 ad
1003 525 1339 599 demonstrationem
1360 523 1443 598 reli-

399 654 515 752 gionis
541 662 680 736 nostrae,
706 651 983 749 repurgavimus.

472 775 611 850 XVII.
663 776 768 862 Quod
794 777 941 852 colimus
972 771 1087 875 [nos],
1118 776 1205 850 deus
1236 801 1330 850 unus
1361 787 1439 861 est3

400 903 461 999 qui
498 913 611 976 totam
640 901 770 974 molem
806 903 912 976 istem
949 927 1028 974 cum
1057 902 1155 974 omni
1186 901 1440 974 instrumento¹

400 1029 667 1114 elementorum,
684 1053 878 1124 corporum,
893 1029 1095 1126 spirituum,
1106 1027 1223 1112 verbo,
1232 1052 1308 1122 ,quo
1319 1028 1441 1123 jussit,

399 1155 643 1250 rationeque
671 1154 855 1250 disposuit,
886 1155 1032 1238 virtute,
1063 1179 1133 1249 quc
1162 1153 1292 1250 potuit,
1317 1152 1362 1226 de
1387 1154 1442 1226 ui·

398 1278 474 1354 hilo
490 1281 674 1377 expressit,
692 1278 730 1351 in
746 1291 993 1352 ornamentum
1011 1279 1209 1375 majestatis
1226 1301 1318 1352 suae:
1344 1278 1442 1352 unde

399 1417 435 1480 et
462 1405 579 1479 Graeci
607 1431 737 1480 nomen
762 1405 898 1481 mundo
926 1405 1046 1491 κόσμον
1079 1404 1441 1498 accommodaverunt.

400 1530 597 1604 Invisibilis
628 1542 694 1616 est,
732 1531 801 1604 etsi
829 1530 1015 1617 videatur;
1060 1528 1439 1626 incomprehensibilis,

399 1655 467 1728 etsi
490 1676 553 1751 per
572 1655 741 1751 grstiam²
763 1665 1056 1750 representetur3
1082 1655 1353 1740 inaestimabilis,
1374 1655 1442 1730 etsi

398 1780 566 1856 humanis
594 1781 753 1854 sensibus
775 1781 994 1866 estimetur3
1024 1781 1105 1855 ideo
1128 1805 1232 1855 verus
1256 1792 1294 1854 et
1319 1791 1442 1856 tentus

398 1917 463 1982 est.
511 1905 681 1982 Ceterum
701 1907 796 2004 quod
822 1906 935 1980 videri
958 1909 1204 1994 communiter,
1228 1908 1323 2004 quod
1347 1932 1441 1981 com-

398 2031 582 2130 prehendi,
606 2033 700 2130 quod
720 2033 888 2107 aestimari
904 2037 1048 2128 potest³,
1065 2033 1185 2106 minus
1205 2045 1260 2107 est
1279 2044 1317 2106 et
1332 2031 1442 2106 oculis

398 2159 527 2256 quibus
551 2170 751 2256 occupatur,
771 2170 809 2232 et
831 2144 996 2233 manibus
1014 2159 1144 2256 quibus
1166 2161 1441 2244 contaminatur,

399 2296 437 2360 et
464 2287 624 2360 sensibus
649 2285 778 2382 quibus
800 2285 993 2358 invenitur.
1045 2283 1157 2371 Quod
1180 2311 1265 2380 ¹vero
1291 2287 1442 2359 immen-

399 2436 479 2494 sum
505 2423 581 2514 est,¹
595 2411 660 2484 soli
680 2412 747 2484 sibi
767 2422 895 2511 uotum
919 2421 983 2484 est.
1032 2412 1114 2484 Hoc
1139 2411 1311 2509 estquod
1335 2411 1442 2488 deum

399 2536 567 2608 aeatimari
590 2535 688 2622 fecit,
708 2536 795 2610 dum
812 2537 981 2609 aestimcri
1002 2561 1073 2608 non
1099 2537 1221 2634 capit⁴.
1274 2535 1336 2609 Ita
1358 2560 1440 2610 eum

399 2659 452 2732 vis
485 2659 745 2757 magnitudinis
781 2670 818 2733 et
850 2672 975 2734 notum
1008 2659 1213 2734 hominibus
1247 2659 1370 2758 objicit
1404 2671 1442 2736 et

399 2787 579 2884 ignotum..
630 2784 685 2856 Et
716 2783 791 2857 hoec
824 2797 879 2858 est
912 2810 1050 2858 summe
1082 2785 1206 2860 delicti
1240 2786 1440 2860 nolentium

450 2983 544 3039 XVII.
567 2983 577 3015 ¹
593 2989 774 3050 instrumento,
783 2983 840 3038 like
851 3003 896 3052 op·
943 2985 997 3038 end
1008 2985 1226 3054 thepsrephrase
1236 2986 1269 3040 cf
1284 2987 1309 3040 S.
1322 2986 1442 3055 cyprian

394 3079 494 3140 paratu
505 3087 519 3132 ;
559 3071 624 3126 thus
652 3069 807 3125 Tertullian
834 3087 896 3126 uses
944 3071 978 3125 de
994 3071 1061 3125 Idol.
1074 3071 1141 3126 Van.
1158 3089 1180 3126 c.
1193 3075 1218 3125 2.
1231 3073 1283 3126 but
1297 3073 1320 3126 it
1334 3073 1391 3126 will
1408 3073 1441 3126 be

395 3159 464 3214 -bcth
494 3167 627 3228 paratura
659 3155 699 3228 (v.
726 3159 760 3212 ed
790 3177 813 3212 o.
845 3157 894 3230 30)
943 3156 1351 3227 hequentlyfcundtoexpress
1362 3157 1442 3212 intel·

397 3245 451 3299 and
465 3249 671 3300 instrumentum
686 3243 730 3298 for
744 3244 791 3299 the
808 3245 896 3315 Scrip-
943 3243 1042 3298 lectnal
1053 3243 1280 3313 comprehension.
1318 3243 1379 3297 The
1390 3245 1443 3298 dis-

396 3337 479 3385 tures.
515 3331 634 3385 Seeedv.
648 3331 731 3385 Maro.
749 3349 786 3384 ιν.
798 3334 896 3386 Lalte-
943 3329 1164 3399 coveryimplied
1179 3331 1208 3384 in
1221 3329 1269 3384 the
1282 3331 1356 3384 word
1371 3334 1442 3386 tuoe-

396 3422 456 3472 rs'us
472 3421 642 3472 instrumenti
661 3421 708 3482 cel,
728 3421 795 3486 quod
813 3421 896 3486 meets
943 3419 1020 3470 uitur
1031 3417 1055 3470 is
1065 3416 1164 3470 thetof
1172 3415 1219 3470 the
1230 3415 1381 3482 attributes,
1393 3423 1442 3470 not

396 3506 460 3556 usus·
470 3511 509 3557 eat
519 3506 609 3570 dicere,
621 3507 774 3558 testmncntr'.
942 3501 990 3556 the
1013 3503 1158 3568 existence,
1173 3501 1203 3556 cf
1223 3502 1270 3556 the
1292 3502 1389 3570 object,
1412 3503 1443 3556 in

448 3586 459 3618 ¹
469 3593 644 3658 pereuntium.
662 3588 895 3658 Icannotexectly
942 3587 1033 3641 which
1056 3606 1131 3642 sense
1154 3589 1177 3642 it
1197 3587 1321 3642 'enswers
1343 3594 1372 3642 tc
1394 3589 1443 3643 the

396 3674 491 3744 sotisfy
506 3675 608 3744 myself
619 3674 649 3728 of
662 3673 710 3728 the
725 3675 852 3744 meaning
867 3671 898 3728 of
943 3677 1074 3727 estimari
1087 3681 1171 3741 potest
1187 3675 1339 3744 preceding.

396 3760 452 3814 this
469 3762 632 3829 expression.
667 3761 695 3814 It
711 3778 776 3830 may
795 3761 828 3814 be
844 3778 893 3826 per
993 3758 1152 3814 ‘estimari
1168 3777 1222 3814 nou
1240 3764 1327 3828 copim
1353 3761 1443 3814 “does

393 3849 508 3916 yruts'am
523 3851 615 3914 ipsius,
627 3863 679 3914 quo
693 3849 739 3900 boe
753 3849 824 3900 uobis
836 3849 893 3912 μνί-
942 3852 990 3900 not
1005 3847 1091 3901 admit
1105 3845 1137 3900 of
1148 3846 1327 3900 estimaticn.''
1361 3846 1396 3900 So
1409 3846 1443 3900 de

396 3930 517 4000 otlcytum
530 3936 660 3996 ommutuit,
676 3949 707 3985 or
718 3949 767 4000 per
777 3934 892 3999 yrutium
943 3930 1014 3986 Hab.
1027 3933 1096 3988 Mul.
1112 3951 1135 3986 c.
1146 3935 1172 3986 2.
1184 3933 1237 3986 and
1248 3931 1314 3986 dur.
1329 3949 1368 3986 xr.
1383 3933 1442 3986 169.

395 4023 426 4073 s'u
448 4035 501 4087 quo
526 4021 610 4086 ipsius
638 4021 714 4086 quasi
740 4021 824 4086 tmayo
847 4018 893 4070 od-
942 4017 999 4072 But
1017 4018 1065 4073 the
1083 4035 1158 4072 more
1177 4018 1304 4087 ordinary
1319 4019 1393 4072 word
1413 4019 1443 4072 in

396 4108 543 4160 umbratur.
942 4104 997 4158 this
1020 4121 1095 4158 sense
1118 4105 1141 4158 is
1164 4107 1267 4172 recipio.
1302 4104 1351 4158 See
1374 4103 1443 4158 Hor.

446 4188 596 4246 ”cuorum
610 4191 684 4256 qttod,
698 4187 748 4242 dre.
782 4206 894 4258 compre·
943 4190 1029 4258 Epist.
1048 4193 1197 4244 11.1.2sa.
1232 4190 1292 4244 Liv.
1308 4207 1384 4244 xxix.
1400 4193 1443 4243 24.

395 4281 472 4334 teudi
485 4279 514 4331 in
529 4276 584 4331 this
594 4291 704 4344 passage
719 4276 743 4329 is
756 4276 894 4346 evidently
942 4276 1094 4344 objiceretis
1116 4276 1164 4330 the
1184 4282 1251 4330 next
1273 4282 1397 4330 sentence
1419 4276 1443 4329 is

395 4366 461 4420 used
479 4363 535 4418 like
554 4365 715 4427 contrectari,
734 4379 764 4415 ss
781 4362 805 4415 is
822 4363 894 4416 clear
942 4361 1042 4430 simply
1065 4362 1221 4430 equivalent
1249 4369 1278 4417 tc
1302 4365 1402 4430 ffme,
1425 4375 1442 4414 e

394 4452 466 4505 from
492 4450 539 4505 the
570 4447 777 4517 corresponding
803 4448 893 4503 clunes
941 4447 1105 4517 parellelism
1147 4448 1238 4503 which
1285 4448 1334 4502 hes
1373 4447 1441 4500 been

394 4533 515 4591 monibus
546 4538 639 4604 quibus
671 4537 891 4610 contaminatum
942 4535 1048 4590 nodccd
1065 4535 1164 4590 before.
