3300 5180
508 351 625 402 traua
650 349 957 402 neonosnmcus.
1173 331 1243 412 169

204 559 334 617 vocem,
352 559 398 606 ne
422 536 621 628 conjuratos
643 533 800 605 confiteri
822 544 949 630 posset,
971 533 999 604 si
1023 533 1130 604 etiam
1150 533 1243 605 victa

205 658 384 730 voluisset.
454 657 557 728 Zeno
595 655 742 729 Eleates
781 658 961 730 consultus
995 684 1015 730 a
1053 656 1243 754 Dionysio,

205 784 372 880 quidnam
397 780 620 880 philosophia
642 793 835 878 praestaret,
859 807 968 878 quum
995 782 1243 879 respondisset,

205 924 447 1008 contemptum
465 911 600 994 mortis,
623 909 774 1007 flagellis
795 912 939 1006 tyranni
962 911 1140 1005 subjectus
1166 938 1244 984 sen-

204 1041 355 1112 tentiam
386 1063 484 1110 suam
515 1035 560 1109 ad
589 1047 739 1108 mortem
773 1061 883 1131 usque
915 1036 1089 1130 signabat.
1138 1037 1243 1110 Certe

206 1163 390 1236 Laconum
414 1159 565 1258 flagella,
590 1161 655 1232 sub
672 1159 781 1232 oculis
798 1161 905 1231 etiam
924 1159 1145 1233 hortantium
1163 1187 1242 1258 pro·

1293 553 1368 604 CAP.

1318 615 1347 663 L.

1259 697 1406 706 ⁸——

144 1269 146 1274 ¹
204 1290 416 1386 pinquorum
450 1287 622 1371 acerbata,
660 1296 801 1358 tantum
840 1283 1005 1358 honorem
1046 1286 1243 1360 tolerantiae
1308 1383 1309 1386 Ἴ

204 1415 354 1488 domui¹⁰
374 1410 571 1496 conferunt,
585 1423 758 1506 quantum
778 1411 961 1506 sanguinis
983 1410 1154 1484 fuderint.
1208 1411 1242 1483 O

203 1516 350 1638 gloriam
368 1538 517 1616 licitam,
536 1537 618 1632 quia
638 1535 842 1618 humanam,
861 1536 917 1606 oui
934 1539 1026 1608 necll
1052 1561 1243 1632 praesump-

203 1669 255 1740 tio
272 1664 411 1762 perdita
427 1689 492 1734 nec
506 1663 685 1757 persuasio
700 1660 884 1757 desperata
900 1660 1093 1756 deputatur
1108 1662 1145 1733 in
1163 1687 1243 1734 con-

204 1801 344 1887 temptu
360 1789 484 1860 mortis
499 1799 535 1860 ct
550 1787 747 1860 atrocitatis
767 1787 998 1894 omnimodae3
1027 1788 1083 1860 oui
1099 1797 1241 1862 tantum

202 1942 265 2013 pro
281 1915 407 2012 patria,
425 1939 487 2010 pro
511 1939 605 2021 agro,
628 1938 691 2010 pro
715 1913 874 2009 imperia,
898 1937 961 2009 pro
986 1914 1143 1986 amicitia
1165 1917 1242 2012 pati

202 2039 410 2134 permissum
441 2048 507 2120 est,
538 2048 711 2134 quantum
743 2062 806 2133 pro
835 2037 901 2109 deo
929 2062 1000 2108 non
1028 2037 1135 2110 licet!
1189 2038 1243 2112 Et

202 2174 321 2235 tamen
343 2162 416 2234 illis
439 2163 601 2234 omnibus
625 2171 662 2233 et
687 2171 823 2234 statuas
845 2160 1073 2234 defunditis¹²
1094 2173 1131 2236 et
1153 2165 1242 2238 ima·
1278 2160 1282 2167 ’

201 2288 302 2383 gines
322 2288 515 2360 inscribitis
538 2299 574 2359 et
594 2287 721 2360 titulos
741 2287 900 2359 inciditis
922 2288 960 2358 in
980 2290 1239 2376 eternitatem

200 2423 373 2510 quantum
390 2413 434 2484 de
451 2412 691 2484 monumentis
708 2411 856 2508 potestis
865 2415 885 2448 ¹³
904 2411 1048 2497 scilicet,
1067 2416 1241 2508 praestatis

200 2549 236 2610 et
256 2538 324 2634 ipsi
343 2537 601 2634 quodammodo
619 2536 767 2608 mortuis
781 2538 1082 2609 resurrectionem.
1132 2539 1241 2612 Hane

199 2663 394 2758 quiveram
422 2689 442 2734 a
462 2661 527 2734 deo
546 2668 671 2758 sperat,
695 2661 725 2732 si
742 2686 805 2756 pro
823 2661 888 2732 deo
905 2662 1075 2756 patiatur,
1092 2664 1238 2738 insanus

200 2800 264 2860 est.
313 2787 382 2861 Sed
406 2787 473 2860 hoe
493 2789 601 2886 agite,
628 2788 712 2859 boni
736 2787 912 2884 praesides,
936 2787 1097 2861 meliores
1125 2790 1240 2863 multo

199 2914 293 3010 apud
323 2915 504 3011 populum,
542 2915 571 2985 si
606 2913 679 2984 illis
704 2910 929 2985 Christianos
959 2913 1239 2988 immolaveritis.

200 3041 374 3124 Cruciate,
395 3052 567 3136 torquete,
590 3039 767 3123 damnate,
786 3040 930 3111 atterite
948 3064 1021 3110 uos.
1069 3039 1240 3114 Probatio

198 3177 251 3239 est
277 3167 370 3238 enim
395 3167 606 3239 innocentiae
630 3175 758 3236 nostrae
781 3165 953 3260 iniquitas
977 3177 1104 3238 vestra.
1152 3167 1240 3241 Ideo

198 3317 261 3364 nos
290 3289 363 3364 haec
389 3294 464 3388 pati
497 3292 583 3364 deus
611 3292 758 3388 patitur.
807 3288 902 3360 Nam
936 3301 973 3363 et
1004 3293 1164 3388 proxime
1194 3295 1240 3366 ad

246 3567 267 3598 ¹⁰
283 3571 370 3622 drmnn¹
377 3585 391 3630 ,·
410 3574 438 3628 to
450 3567 496 3622 the
507 3567 611 3636 family.
743 3583 866 3619 rusuuua
884 3584 972 3620 unm
991 3567 1171 3636 Resurrumsn
1180 3587 1240 3637 per-

248 3652 267 3682 ¹²
279 3659 328 3708 'ant
347 3671 401 3720 arao,
421 3651 472 3707 &e
492 3653 510 3706 i.
520 3671 542 3706 e.
559 3657 587 3706 to
603 3652 693 3706 whose
742 3644 876 3718 seriptum.

197 3745 308 3794 account
325 3741 348 3794 is
369 3745 409 3794 set
427 3739 506 3792 down
524 3736 692 3809 (deputatur)
794 3734 815 3766 ¹³
830 3745 959 3806 quonium
970 3741 1000 3794 dc
1013 3745 1187 3796 monumentis
1194 3761 1240 3810 po-

196 3824 302 3878 neither
312 3827 451 3894 obstinecy
461 3841 512 3877 nor
522 3823 692 3890 infatuotion,
742 3827 833 3884 iasine
860 3823 915 3876 this
932 3827 962 3878 da
979 3843 1071 3880 means
1090 3828 1134 3881 ‘as
1151 3828 1194 3882 fur
1210 3845 1240 3882 as

196 3925 264 3962 even
286 3910 367 3964 while
389 3912 412 3964 it
434 3911 458 3964 is
480 3910 629 3979 scornfully
648 3910 694 3964 de·
741 3927 797 3978 you
809 3927 858 3964 can
869 3927 961 3964 secure
972 3909 1019 3964 the
1031 3912 1082 3966 end
1099 3913 1137 3982 by
1147 3930 1240 3967 means

197 3994 298 4062 spising
310 3989 353 4063 (in
364 3993 523 4065 contemptu)
532 4011 614 4064 every
625 3995 693 4050 kind
742 3995 773 4048 of
797 3995 986 4062 monuments,'
1009 4015 1048 4064 or,
1076 4017 1150 4053 more
1178 3997 1239 4052 lite·

196 4079 227 4132 of
240 4085 343 4133 tortura
360 4081 413 4134 and
432 4080 522 4137 death.
742 4079 821 4150 rally,
845 4084 889 4136 ‘as
918 4081 960 4135 far
988 4099 1017 4136 es
1049 4101 1120 4152 your
1148 4101 1239 4152 power

247 4162 267 4194 ¹²
290 4164 434 4233 defunditis
445 4185 458 4228 ;
488 4167 506 4220 i.
525 4184 548 4220 e.
572 4166 693 4236 liquente
742 4167 864 4232 extends,
876 4166 966 4220 which
985 4169 1088 4224 isthus
1106 4169 1213 4222 derived
1219 4166 1238 4233 ‚·'

195 4251 313 4304 metallo.
359 4255 482 4319 inciditis,
506 4271 550 4307 see
578 4258 641 4307 note
666 4271 692 4321 p.
743 4269 783 4305 we
805 4251 873 4306 heve
902 4253 992 4308 before
1017 4253 1071 4308 had
1100 4257 1182 4307 achre
1210 4256 1239 4307 de

197 4340 255 4388 100.
290 4336 345 4390 Cic.
361 4336 477 4392 inVerr.
492 4357 529 4392 ιν.
542 4341 585 4394 34.
596 4343 627 4392 in
641 4357 693 4408 qno
741 4341 834 4407 aliquo.
859 4345 1012 4395 resurrectio
1023 4357 1108 4394 seems
1119 4349 1147 4392 to
1159 4357 1238 4393 meon

193 4425 335 4490 manditur
350 4425 432 4476 literis
445 4423 475 4477 P.
488 4423 629 4484 Armenius
647 4443 694 4480 no·
742 4423 788 4478 the
811 4426 950 4494 surviving
973 4425 1041 4480 after
1070 4424 1158 4490 death,
1182 4423 1238 4478 like

195 4525 253 4561 man
273 4515 329 4561 erat
347 4512 466 4574 incisum,
486 4527 592 4578 eumque
612 4511 692 4564 ΚΑΒ·
742 4509 852 4564 thenon
867 4515 951 4566 omnis
966 4509 1136 4576 muniendis.
