3300 5180
376 335 447 409 186
756 355 1021 408 rsnrouursur

227 546 338 657 xffik
372 563 492 625 onum,
508 538 627 614 necin
644 539 845 637 eruptiones
861 539 1099 625 lasciviarum,
1117 537 1179 614 sed
1196 538 1242 612 ad
1257 537 1405 612 eandem

215 669 515 740 ——curam”
545 663 795 739 modestiaet
827 665 1022 763 pudicitia,
1059 675 1103 739 ut
1133 666 1195 762 qui
1227 689 1298 737 non
1330 675 1405 738 tam

372 815 505 866 coenam
525 792 750 878 coenaverint,
776 817 882 889 quam
905 790 1141 890 disciplinam.
1191 789 1282 864 Haec
1299 789 1406 864 coitio

373 915 656 990 Christianorum
687 918 816 991 merito
839 941 923 990 sane
950 916 1088 1002 illicita,
1115 917 1144 990 si
1167 915 1304 989 illicitis
1331 940 1406 1011 par,

371 1043 497 1116 mento
513 1041 723 1128 damnanda,
747 1042 880 1139 siquis
905 1041 951 1115 de
971 1067 1012 1114 ea
1037 1042 1197 1139 queritur
1221 1065 1262 1114 eo
1287 1039 1407 1124 titulo,

367 1193 440 1265 quo
463 1167 509 1242 de
532 1166 743 1242 factionibus
765 1166 907 1264 querela
927 1179 991 1242 eat.
1032 1165 1079 1239 In
1097 1169 1197 1262 cujus
1212 1165 1406 1262 perniciem

370 1291 560 1390 aliquando
598 1291 850 1366 convenimus?
913 1290 998 1365 Hoc
1036 1317 1157 1366 sumus
1191 1291 1404 1388 congregati,

368 1416 464 1515 quod
496 1427 534 1491 et
566 1417 724 1515 dispersi,
762 1417 829 1491 hoe
859 1419 1024 1505 universi,
1060 1417 1154 1515 quod
1189 1426 1227 1491 et
1260 1415 1405 1515 singuli,
1448 1487 1452 1498 ,

368 1543 546 1616 neminem
570 1542 750 1628 laedentes,
774 1543 953 1616 neminem
977 1544 1235 1617 contristantes.
1282 1541 1402 1627 Quum

367 1671 480 1768 probi,
518 1695 626 1767 quum
659 1670 743 1742 boni
770 1681 908 1754 coeant,
936 1693 1044 1767 quum
1075 1670 1138 1767 pii,
1174 1693 1284 1766 quum
1316 1669 1404 1742 casti

368 1805 638 1893 congregantur,
661 1819 732 1868 non
755 1805 810 1868 est
831 1793 938 1868 factio
961 1794 1122 1878 dicenda,
1147 1794 1209 1867 sed
1234 1794 1367 1867 curia²⁶.

207 1903 355 2012 ,ξῗξῖἳῖῗξξ
439 1917 531 1991 XL.
582 1918 640 1992 At
664 1943 683 1991 e
706 1919 882 1992 contrario
902 1917 975 1992 illis
1002 1941 1131 1991 nornen
1158 1917 1323 1992 factionis
1346 1941 1404 1990 ac-

206 2021 347 2129 ζᾟῗὲὲῗο,
366 2042 658 2116 commodandum
684 2053 748 2128 est,
772 2043 894 2139 quiin
921 2041 1041 2116 odium
1065 2043 1235 2115 bonorum
1264 2052 1301 2116 et
1324 2065 1403 2139 pro-

205 2138 333 2257 iiiiii*
365 2167 487 2240 borum
516 2168 728 2264 conspirant,
753 2167 814 2264 qui
846 2166 1031 2240 adversum
1061 2167 1269 2263 sanguinem
1300 2167 1404 2240 inno·

205 2256 522 2424 Ξιῐοῖιῖἔωοεηῖίιιῐη
565 2293 800 2378 conclamant,
850 2303 1085 2390 praetexentes
1122 2318 1205 2366 sane
1245 2292 1291 2368 ad
1328 2293 1402 2366 odii

204 2433 325 2552 3353&
364 2415 603 2492 defensionem
629 2417 727 2491 illam
750 2443 890 2514 quoque
910 2418 1104 2491 vanitatem
1114 2422 1135 2504 ¹,
1161 2417 1256 2514 quod
1277 2419 1402 2492 existi·

205 2559 314 2610 amount
367 2553 466 2616 ment
488 2545 603 2618 omnis
620 2544 773 2641 publicae
791 2543 911 2628 cladis,
937 2544 1051 2616 omnis
1073 2542 1251 2640 popularis
1268 2545 1401 2618 incom-

206 2612 269 2670 ’οΗ
366 2668 462 2742 modi
477 2667 695 2743 Christianos
712 2695 786 2743 esse
802 2671 840 2742 in
859 2693 988 2743 caussa.
1030 2669 1070 2743 Si
1085 2670 1226 2743 Tiberis
1241 2669 1401 2743 ascendit

366 2794 404 2866 in
425 2795 564 2876 moenia,
590 2795 620 2866 si
641 2793 751 2868 Nilus
771 2819 840 2866 non
861 2792 1019 2867 ascendit
1041 2795 1079 2866 in
1103 2819 1196 2880 ama,
1224 2795 1254 2867 si
1271 2793 1398 2868 coelum

223 2911 332 3021 ‘iffi‘
366 2919 494 3004 stetit²,
529 2918 557 2990 si
591 2929 683 2992 terra
717 2919 838 3004 movit,
869 2919 897 2990 si
929 2917 1049 3003 fames,
1082 2918 1111 2990 si
1143 2917 1230 3002 lues,
1264 2919 1400 3005 statim,

362 3201 419 3256 find
435 3202 604 3258 aninstanco
621 3199 858 3258 olooeoiointhis
906 3199 1136 3254 lwhaaincd.
1152 3199 1400 3270 “ifanyonecan

363 3305 438 3343 sense
448 3287 600 3354 elsewhere,
612 3285 717 3356 though
731 3287 754 3341 it
765 3305 857 3341 occurs
905 3285 984 3355 bring
999 3285 1066 3340 such
1082 3285 1196 3356 charges
1209 3287 1312 3357 against
1329 3288 1352 3342 it
1369 3305 1400 3343 aa

362 3374 404 3429 for
416 3379 518 3442 putatio
534 3375 564 3428 in
581 3372 741 3428 Columella.
905 3389 950 3426 are
966 3370 1109 3441 brought,''
1121 3371 1172 3425 dac.

415 3460 474 3514 The
494 3461 622 3530 practices
639 3459 746 3514 alludad
763 3465 792 3513 to
810 3477 856 3515 are
955 3455 976 3488 ⁸⁸
994 3458 1102 3512 Sallust.
1114 3456 1147 3511 B.
1164 3457 1192 3512 J.
1210 3476 1232 3512 c.
1252 3460 1295 3512 31.
1329 3462 1400 3514 Hac

362 3542 479 3598 familiar
495 3552 523 3599 to
540 3545 578 3600 all
594 3545 706 3600 readers.
741 3544 789 3598 See
809 3544 856 3598 the
905 3548 974 3599 inter
993 3547 1067 3598 bonos
1086 3547 1210 3610 amicitia,
1229 3547 1297 3600 inter
1319 3549 1399 3600 moloc

363 3629 415 3682 end
438 3629 551 3685 of-Juv.
577 3631 629 3685 Sat.
652 3647 694 3683 111.
739 3629 857 3698 Perhaps
897 3631 983 3698 soatio
999 3638 1044 3684 est.

363 3713 495 3782 Apuleius
508 3722 553 3770 too
565 3733 619 3770 was
632 3715 759 3784 thinking
770 3715 801 3769 of
814 3714 857 3768 his
956 3715 1015 3768 XL.
1048 3712 1058 3744 ¹
1075 3719 1186 3770 madae.
1208 3717 1226 3770 i.
1243 3735 1267 3771 e.
1289 3718 1400 3772 menda-

363 3799 453 3854 native
483 3806 597 3870 country
621 3800 701 3854 when
729 3799 764 3853 ha
792 3799 858 3853 thus
905 3800 1399 3866 cium3deResur.Car.c.2.adomua

362 3885 453 3938 writes
468 3885 499 3938 of
514 3885 625 3954 Hypata
632 3904 642 3951 ;
666 3902 760 3939 onam
772 3886 857 3953 factio
901 3888 1091 3952 phantasmatis
1107 3891 1256 3942 vanitatem.
1290 3889 1324 3942 So
1342 3889 1398 3944 Cio.

363 3972 575 4024 nobilissimorum
607 3975 735 4040 juvenum
768 3988 856 4037 paoem
905 3973 959 4028 off.
983 3987 1001 4026 1.
1024 3976 1066 4027 42.
1090 3971 1159 4026 Vell.
1182 3973 1283 4029 Patere.
1303 3993 1334 4028 n.
1355 3979 1398 4030 60.

358 4058 488 4125 publicam
505 4057 602 4122 inserit,
621 4065 645 4110 et
659 4059 757 4124 passim
775 4059 857 4108 traa'-
905 4057 949 4112 On
968 4057 1015 4111 the
1035 4066 1177 4126 argument
1195 4077 1222 4114 r.
1241 4077 1264 4114 c.
1284 4063 1327 4126 20,
1344 4062 1399 4116 and

362 4145 434 4198 datm
452 4158 500 4210 per
523 4143 617 4194 medius
639 4143 737 4209 plateas
762 4143 855 4194 uidebis
902 4161 1025 4213 compare
1047 4145 1192 4214 especially
1212 4145 1260 4200 tha
1281 4147 1400 4217 opening

357 4231 451 4296 jacere.
902 4230 933 4284 of
942 4230 967 4283 S.
978 4229 1048 4298 Aug.
1058 4228 1091 4282 de
1103 4229 1161 4284 Civ.
1174 4230 1235 4298 Dei,
1246 4231 1299 4286 and
1310 4232 1341 4286 of
1348 4233 1397 4288 the

412 4308 433 4341 ¹⁵
448 4313 552 4366 wadem
567 4327 658 4364 caram
675 4327 782 4365 means:
806 4311 853 4366 the
901 4313 1101 4382 Disputationes
1118 4315 1149 4369 oi
1162 4314 1305 4372 Arnobius.

361 4415 433 4452 same
449 4415 509 4452 care
524 4395 584 4450 that
599 4413 653 4450 was
667 4396 749 4468 taken
764 4398 853 4453 before
950 4397 962 4428 ¹
978 4401 1008 4453 Si
1026 4402 1116 4452 calum
1133 4405 1210 4456 stetit.
1245 4402 1334 4457 There
1350 4420 1396 4456 are

360 4483 407 4537 the
418 4483 543 4552 maeting.
577 4481 681 4537 hlittle
693 4483 778 4538 below
788 4489 851 4540 titu-
899 4484 999 4538 several
1011 4501 1131 4554 passages
1142 4487 1171 4540 in
1182 4486 1271 4542 which
1283 4488 1330 4542 the
1342 4488 1395 4557 sky
