3306 5176
258 548 336 597 CAP.

263 609 302 656 Xl
315 608 324 655 1

223 735 301 784 which
312 753 358 796 you

222 794 306 854 salsely
316 812 357 845 ac-

223 869 280 902 cuse
290 871 325 903 us.

244 914 283 962 Ad
295 916 352 1021 illlat.

386 343 432 406 54
772 359 1038 409 '1'ERTULL1AN1

302 610 336 654 γ’
385 538 522 634 origine
551 539 680 634 gentis,
712 540 823 612 etiam
854 540 899 614 de
929 541 1007 636 ipsa
1039 551 1112 614 tam
1140 540 1287 636 origine,
1316 563 1422 636 quam

385 662 430 735 de
460 663 604 736 nomine
638 673 675 736 et
708 663 882 761 religione
912 667 1031 761 gentis
1064 690 1142 761 qnae
1173 664 1289 737 voluit
1322 689 1425 760 argu-

385 798 577 873 mentatus,
607 788 752 861 Judaeos
785 788 892 862 refert
921 791 1077 888 AEgypto
1110 789 1307 887 expeditos,
1340 790 1425 873 sive,

268 989 286 1020 L
328 1008 335 1022 .
387 924 429 986 ut
443 914 596 1011 putavit,
614 924 781 1002 extorres,
798 915 835 985 in
854 916 964 987 rastis
980 914 1127 987 Arabim
1150 915 1236 988 locis
1253 939 1423 1010 aquarum

387 1041 635 1137 egentissimis,
668 1065 747 1112 cnm
779 1041 840 1112 siti
874 1051 1145 1124 macerarentur,
1179 1041 1332 1137 onagris,
1363 1039 1424 1134 qni

387 1163 478 1238 forte
503 1165 676 1262 depasto
703 1177 826 1262 potum
854 1167 1003 1262 petituri
1029 1167 1308 1250 estimabantur,
1332 1165 1428 1240 indi·

388 1291 486 1364 cibus
508 1288 617 1363 fontis
642 1315 722 1363 usos
743 1289 787 1363 ob
807 1315 884 1363 eam
910 1293 1061 1388 gratiam
1090 1287 1284 1364 consimilis
1305 1291 1426 1363 hestiae

388 1415 607 1512 superficiem
641 1439 865 1488 consecrasse.
920 1415 1044 1511 Atque
1076 1416 1129 1487 ita
1162 1415 1257 1500 inde,
1292 1417 1427 1512 opinor,

387 1552 652 1638 presumptum,
670 1565 733 1613 nos
750 1566 889 1638 quoque
905 1553 948 1614 ut
964 1540 1126 1616 Judaicae
1147 1541 1332 1638 religionis
1348 1565 1428 1637 pro-

387 1667 564 1762 pinquos²‚
588 1665 704 1738 eidem
731 1665 918 1738 simulacro
937 1667 1087 1740 initiari.
1138 1667 1194 1740 At
1217 1668 1311 1739 enim
1331 1666 1426 1738 idern

390 1790 574 1864 Ocmelius
606 1789 765 1876 Tacitus,
801 1817 883 1864 sane
914 1791 976 1864 ille
1008 1792 1271 1865 mendaciorum
1304 1793 1426 1888 loqua-

389 1917 560 2000 cissimus,
595 1917 633 1988 in
663 1916 783 1990 eadem
816 1915 964 1992 historia
996 1917 1104 1992 refert
1135 1919 1282 1990 Cnaeum
1315 1917 1426 1989 Pom·

388 2043 520 2138 peium‚
563 2067 643 2115 cum
687 2039 916 2115 Hierusalem
958 2043 1117 2140 cepisset,
1160 2047 1429 2141 proptereaque³

389 2167 564 2264 templum
583 2167 728 2240 adiisset
751 2166 974 2264 speculandis
990 2167 1150 2240 Judaicae
1172 2167 1355 2266 religionis
1375 2192 1429 2237 ar-

389 2292 498 2380 canis
513 2291 653 2364 nullum
670 2292 745 2364 illic
764 2293 932 2388 reperisse
950 2292 1187 2364 simulacrum.
1232 2293 1287 2366 Et
1304 2295 1429 2391 utique
1477 2378 1481 2386 ¹

390 2419 420 2490 si
442 2418 481 2490 id
499 2418 689 2504 colebatur,
714 2418 808 2514 quod
829 2419 950 2514 aliqua
967 2419 1084 2515 effigie
1101 2422 1428 2515 repraesentabatur,

389 2567 563 2639 nusquam
587 2544 700 2642 magis
727 2568 831 2640 quam
858 2544 897 2616 in
926 2545 1073 2616 sacrario
1102 2569 1164 2616 suo
1191 2543 1428 2633 exhiberetur,

389 2694 430 2742 eo
464 2670 586 2766 magis,
623 2670 707 2766 quia
740 2695 806 2742 nec
839 2671 1025 2742 verebatur
1057 2682 1244 2743 extraneos
1280 2672 1428 2745 arbitros

389 2819 602 2892 quamquam
626 2821 717 2868 vanc
742 2795 895 2869 cultura.
947 2795 1041 2870 Solis
1067 2798 1162 2869 enirn
1189 2797 1429 2871 sacerdotibus

389 2921 487 2995 adire
502 2921 654 3002 licitum,
677 2932 714 2994 ct
734 2932 940 3018 conspectus
962 2933 1156 2994 ceterorum
1181 2922 1259 2994 velo
1275 2947 1430 3019 oppanso

389 3048 678 3122 interdicebatur.
731 3047 808 3118 Vos
836 3058 954 3120 tameo
990 3073 1061 3120 non
1091 3050 1281 3145 negabitis,
1313 3060 1350 3120 et
1370 3052 1431 3144 ju-

390 3185 512 3248 menta
535 3175 654 3247 omnia
681 3184 716 3247 et
745 3185 838 3247 totos
866 3172 1064 3248 cantherios
1091 3199 1170 3246 cum
1198 3200 1260 3247 sua
1284 3175 1428 3271 Epona*

390 3301 457 3374 coli
475 3328 496 3374 a
512 3302 622 3374 vobis.
667 3301 751 3374 Hoc
775 3301 922 3375 forsitan
950 3303 1200 3397 improbamur,
1219 3301 1313 3398 quod
1335 3301 1430 3373 inter

390 3428 543 3500 cultores
581 3429 756 3502 omnium.
773 3428 948 3524 pecudum
985 3429 1249 3523 bestiarumque
1285 3427 1429 3502 asinarii

390 3659 422 3714 of
429 3658 476 3713 the
488 3665 611 3714 sentence
622 3659 888 3714 is‘cccrsus...otc'cm
929 3659 959 3711 in
970 3659 1039 3728 good
1051 3658 1170 3713 authors.

389 3746 802 3813 cryumcntntus,choecsrcscrt.
809 3783 814 3795 .
821 3761 888 3798 cum
980 3741 991 3774 ³
998 3745 1208 3814 propter-ecquod.
1218 3761 1241 3798 e.
1248 3747 1309 3813 quia
1318 3749 1430 3812 cepisset

390 3837 693 3884 macerarentur...ucos
719 3833 884 3884 indicibus...
930 3829 1005 3898 ‘jure
1026 3829 1147 3884 victorico¹
1167 3847 1228 3898 says
1250 3830 1362 3885 Tacitus
1389 3829 1430 3901 (v.

391 3916 549 3984 superficicm
581 3915 755 3970 consecrasse!
784 3916 891 3984 apmt-
933 3914 982 3988 9);
1001 3916 1091 3970 unless
1102 3917 1159 3970 itis
1172 3915 1316 3984 explained
1330 3917 1431 3986 byrpc·

391 4001 487 4056 cismi.
499 4019 523 4054 e.
535 4009 612 4069 caput
619 4020 632 4063 ;
647 4002 698 4055 but
708 4000 798 4055 lhave
809 4015 892 4056 never
933 4005 1175 4056 marceamus.

391 4085 512 4142 menthe
523 4088 679 4156 expression
689 4086 841 4142 elsewhere.
981 4088 1068 4143 ‘cum
1087 4107 1138 4142 scca
1160 4091 1263 4156 Epona.
1296 4087 1432 4156 Apuleius

442 4168 455 4201 ¹
466 4177 624 4241 propinqum
663 4175 791 4226 chcicoe
830 4177 889 4230 reli-
932 4172 1013 4243 (Met.
1030 4192 1060 4228 11.
1075 4172 1123 4244 60)
1142 4175 1217 4243 gives
1235 4192 1252 4228 a
1269 4174 1431 4243 description

389 4262 490 4328 picci&-
507 4259 540 4312 de
553 4259 625 4312 Test.
633 4259 686 4312 An.
697 4278 720 4313 c.
729 4262 754 4313 5.
777 4263 890 4314 Jadoeos
931 4259 963 4314 of
975 4260 1023 4314 the
1035 4258 1131 4324 richcs,
1146 4259 1194 4313 the
1209 4261 1306 4329 image,
1318 4259 1371 4313 and
1383 4257 1431 4313 the

394 4349 456 4400 ...ic
467 4363 577 4414 quoram
588 4348 779 4400 oleastroc'csiti
789 4365 888 4402 sumus.
931 4351 1083 4400 ornaments
1091 4345 1122 4400 of
1129 4344 1274 4415 thisdeity.
1308 4348 1429 4408 asiam

391 4435 495 4486 initiari
518 4435 597 4486 alicui
624 4427 673 4501 (sc.
696 4430 755 4486 Deo
778 4437 826 4486 aut
848 4448 888 4486 sa-
931 4433 1030 4484 “mere
1042 4429 1430 4500 ass-worshipperstothccx·

391 4515 491 4586 cris)is
506 4518 553 4573 the
566 4518 693 4587 ordinary
708 4518 888 4573 construction
929 4516 1033 4572 clusicn
1044 4517 1075 4572 of
1083 4517 1162 4573 other
1173 4515 1285 4572 bessts.¹'
