3306 5176
494 329 610 380 hinnu
638 329 940 380 nronooumcus
1148 353 1154 380 .
1191 312 1240 379 29

200 509 369 606 gaudum.
432 509 576 607 Atquin
616 511 815 585 volentibus
855 513 991 585 initiari
1028 511 1135 584 moris
1175 521 1240 594 est,
1281 508 1364 617 gfff

155 669 157 674 ·
195 635 333 732 opinor,
363 636 461 732 prius
493 647 629 732 patrem
662 636 765 709 illum
803 662 976 709 sacrorum
1016 636 1124 720 adire,
1163 661 1241 733 quae
1254 654 1397 703 *Τ

199 761 427 858 praeparanda
449 763 521 834 sint
543 762 764 836 describere⁶.
812 762 907 834 Tum
927 762 1010 835 ille:
1033 761 1151 835 infans
1173 763 1241 836 tibi

199 891 426 974 necessarius
451 888 570 962 adhuc
596 901 706 976 tener,
732 892 793 987 qui
818 892 953 963 nesciat
985 902 1146 975 mortem,
1179 892 1240 988 qui

202 1017 267 1088 sub
294 1016 410 1088 cultro
441 1026 505 1088 tuo
530 1017 667 1100 rideat;
704 1017 790 1090 item
823 1018 936 1115 panis,
968 1041 1036 1114 quo
1058 1017 1240 1113 sanguinis

197 1142 431 1237 jurulentiam
466 1141 633 1237 colligas;
673 1155 841 1240 praeterea
876 1142 1083 1216 candelabra
1114 1153 1150 1214 et
1185 1141 1241 1214 lu·

199 1291 326 1352 cernae,
346 1279 383 1340 et
403 1293 505 1340 canes
528 1268 638 1364 aliqui
663 1280 699 1342 et
722 1269 851 1354 offulae,
872 1293 951 1366 quae
974 1268 1053 1341 illos
1076 1268 1120 1340 ad
1146 1293 1241 1340 ever-

200 1393 335 1464 sionem
352 1392 529 1464 luminum
550 1393 778 1480 extendant⁷3
801 1406 885 1466 ante
900 1394 1019 1465 omnia
1034 1417 1112 1465 cum
1129 1403 1241 1464 matre

201 1527 238 1588 et
264 1541 377 1589 sorore
403 1527 466 1590 tua
489 1519 609 1590 venire
634 1518 790 1592 debebis.
843 1516 956 1603 Quid,
990 1518 1020 1589 si
1047 1516 1239 1600 noluerint,

201 1640 256 1713 vel
279 1641 390 1714 nullae
412 1641 574 1716 luerint?
598 1643 684 1740 quid
698 1645 854 1741 ¹denique
876 1643 1072 1740 singulares
1094 1641 1241 1715 Christi-

201 1768 302 1840 ani⁸?
354 1766 439 1841 Non
458 1771 538 1855 erit,
559 1771 695 1868 opinor,
715 1771 898 1868 legitimus
920 1769 1154 1854 Christianus,
1171 1769 1241 1841 nisi

200 1889 310 1964 frater
331 1903 395 1964 aut
419 1892 526 1966 filius.
591 1894 692 1981 Quid
716 1921 824 1980 nune,
848 1896 916 1968 etsi
946 1895 1016 1968 ista
1045 1896 1163 1967 omnia
1187 1895 1241 1991 ig-

200 2019 296 2090 naris
326 2025 598 2116 preparantur?
656 2022 760 2095 Certe
794 2031 916 2119 postea
950 2034 1164 2118 cognoscunt
1203 2032 1242 2094 et

200 2144 380 2217 sustinent
402 2156 439 2218 et
457 2147 673 2244 ignoscunt⁹.
719 2147 869 2221 Timent
889 2147 1010 2244 plecti,
1030 2148 1092 2243 qui
1110 2149 1140 2219 si
1162 2173 1241 2243 pro-

201 2267 366 2355 clament,
383 2270 526 2345 defendi
549 2274 788 2357 merebuntur,
808 2275 870 2370 qui
888 2273 996 2346 etiam
1014 2272 1109 2345 ultro
1126 2273 1240 2368 perire

200 2393 341 2480 malint,
360 2421 464 2493 quam
483 2399 632 2472 subtuli
650 2401 861 2472 conscientia
876 2401 1005 2471 vivere.
1045 2397 1131 2495 Age
1145 2423 1240 2470 nunc

200 2521 366 2609 timeant,
398 2549 461 2596 cur
487 2526 594 2597 etiam
625 2529 878 2622 perseverant?
931 2526 1099 2622 Sequitur
1131 2526 1238 2611 enim,

202 2671 247 2718 ne
279 2648 373 2721 ultra
403 2650 490 2722 velis
523 2650 561 2722 id
594 2661 630 2724 te
664 2677 749 2736 esse,
788 2652 882 2746 quod
916 2653 946 2724 si
979 2652 1078 2749 prius
1108 2652 1239 2736 scisses,

201 2797 272 2844 non
298 2772 433 2848 fuisses.
1228 2781 1233 2788 ’

278 2898 354 2971 ΙΧ.
407 2899 499 2975 Haec
519 2928 588 3000 quo
609 2905 724 3000 magis
743 2903 982 2990 refutaverim,
1004 2931 1025 2976 a
1044 2905 1142 2977 vobis
1163 2905 1239 2976 fieri
1251 2908 1403 3026 ssssssgtm‘

250 3112 373 3177 ⁶odr're5
400 3115 414 3168 Ι
437 3115 540 3170 believe
565 3115 612 3170 the
636 3134 698 3170 con-
742 3118 779 3170 de
789 3119 828 3172 M.
836 3118 866 3171 P.
874 3121 898 3170 ὅ.
907 3116 1156 3189 andelsewhere)is
1163 3135 1242 3186 gene·

202 3201 333 3255 struction
349 3200 414 3255 here
432 3201 455 3255 is
470 3204 542 3256 edire
561 3205 698 3256 describere
746 3203 816 3273 rully
826 3205 925 3272 quoted
936 3204 1009 3270 here,
1018 3204 1070 3258 but
1078 3205 1101 3257 it
1109 3204 1133 3257 is
1143 3203 1242 3272 hardly

199 3287 395 3342 —i.e.—odire
408 3295 510 3356 patrem
525 3290 599 3341 illum
613 3295 643 3341 ut
658 3290 699 3343 ille
745 3295 870 3342 anexact
880 3289 1001 3358 parallel.
1030 3289 1162 3359 Compare
1174 3289 1242 3344 vim

202 3378 248 3428 te'ln'
262 3376 395 3439 deveribm,
406 3373 511 3443 though
526 3374 582 3427 itis
598 3373 698 3428 violent
745 3376 768 3428 it
794 3378 1157 3445 secundum.einyu1on‘tctis
1181 3393 1242 3430 aare

201 3460 318 3530 enough.
743 3465 982 3529 proeeumptionem.
995 3463 1056 3518 adv.
1072 3463 1156 3517 Marc.
1168 3481 1187 3517 1.
1199 3467 1241 3517 11.

253 3545 467 3602 ⁷eetendoor—
482 3545 596 3600 “which
633 3563 698 3615 may
798 3544 908 3602 ⁹“But
930 3553 958 3602 at
984 3549 1021 3603 all
1047 3556 1139 3603 events
1162 3549 1242 3604 after-

202 3633 283 3687 meke
309 3631 385 3688 them
411 3633 504 3702 spring
528 3632 644 3686 forward
669 3638 698 3686 to
746 3633 833 3688 warde
844 3634 910 3704 they
919 3635 1037 3689 discover
1047 3635 1094 3689 the
1102 3636 1158 3690 real
1166 3653 1242 3690 enor-

202 3725 330 3772 overturn
343 3718 391 3773 the
407 3717 545 3772 candles:”
561 3718 608 3772 the
625 3718 697 3786 dogs,
746 3721 836 3774 mities
851 3721 882 3774 of
895 3720 942 3774 the
956 3739 1022 3786 case,
1041 3723 1094 3776 and
1113 3729 1161 3791 yet
1175 3722 1242 3793 they

202 3805 341 3874 according
359 3810 387 3858 to
406 3803 480 3859 these
495 3805 599 3868 storias,
618 3805 698 3874 being
746 3813 820 3860 must
834 3807 869 3861 be
879 3807 1011 3876 supposed
1022 3813 1051 3862 to
1064 3814 1114 3876 put
1125 3827 1163 3877 up
1174 3809 1242 3866 with

198 3888 406 3944 chainedtothe
416 3891 599 3956 candlesticks,
609 3890 698 3944 which
747 3891 832 3958 them,
848 3893 901 3946 and
919 3892 984 3946 hold
1002 3892 1078 3948 thern
1091 3895 1188 3950 venial.
1227 3896 1241 3950 l

198 3973 270 4044 they
281 3975 371 4028 would
382 3975 446 4030 thus
454 3977 606 4032 overthrow
618 3977 698 4030 when
746 3995 861 4047 suppose
873 3978 940 4048 they
951 3979 1032 4032 dread
1043 3980 1243 4048 punishment,”

200 4059 349 4129 dartingat
364 4063 556 4131 asopthrown
570 4071 599 4118 to
613 4062 698 4118 them.
746 4062 799 4118 &a
829 4064 882 4118 For
892 4064 939 4118 the
948 4065 1243 4136 useofsustiueocomp.

253 4145 433 4214 minanam
450 4151 595 4204 Christiani
605 4167 620 4211 ,·
637 4167 698 4217 pro-
746 4151 790 4203 ad.
803 4150 888 4204 Uxor.
903 4169 934 4204 11.
951 4155 976 4204 5.
1010 4151 1038 4205 It
1052 4153 1076 4207 is
1090 4153 1157 4208 used
1175 4154 1205 4206 iu
1226 4169 1243 4206 a

202 4232 301 4301 selytes
323 4231 386 4286 who
410 4232 479 4288 have
501 4251 537 4289 no
559 4235 697 4300 ldnsfolk;
746 4235 851 4290 similar
865 4254 940 4290 sense
952 4235 1034 4306 (with
1045 4255 1083 4292 an
1096 4236 1242 4309 infinitivo)

200 4318 355 4388 something
363 4318 420 4372 like
428 4337 478 4372 our
485 4319 614 4388 phrases
625 4321 698 4374 ‘lone
747 4321 785 4389 by
796 4320 867 4374 Ovid
879 4318 922 4390 (in
932 4322 981 4376 the
991 4322 1132 4397 Epistles),
1141 4323 1243 4387 Lucan,

203 4403 325 4459 woman.'
371 4404 431 4458 The
451 4409 604 4474 expression
624 4410 699 4462 Deus
746 4406 801 4459 and
818 4405 945 4472 Juvenal,
960 4409 1010 4461 but
1028 4410 1057 4462 in
1076 4409 1171 4462 earlier
1181 4409 1242 4460 wri-

203 4494 346 4558 stnyuluris
354 4492 384 4545 of
390 4491 545 4546 Lactantius
556 4491 605 4561 (D.
616 4493 638 4546 1.
647 4511 665 4546 r.
673 4495 700 4545 3.
749 4499 803 4546 ters
811 4509 915 4559 poterim
928 4494 950 4547 is
961 4511 1035 4548 more
1047 4495 1179 4562 frequent.
