3306 5176
421 313 470 380 32
808 333 1074 384 ruerunnmnr

295 517 371 626 ΡΙΡΞΡ·
419 507 537 582 adbuc
570 511 713 607 sanguis
747 511 1002 588 inhominem
1040 513 1231 598 delibatur,
1273 513 1463 588 dissolvere

264 681 404 690 --
419 660 489 708 uon
507 635 602 710 licet.
646 638 844 712 Homicidii
863 639 1045 714 festinatio
1066 651 1120 714 est
1140 639 1325 738 prohibere
1342 643 1460 727 nasci3

418 787 484 834 nec
506 760 614 836 refert
630 774 751 838 natam
770 767 849 862 quis
864 767 993 864 eripiat
1010 768 1176 851 animam,
1194 793 1240 840 an
1259 779 1461 842 nascentem

417 887 617 961 disturbet:
656 887 762 962 homo
797 901 862 975 est,
899 901 936 964 et
966 892 1027 988 qui
1063 901 1117 964 est
1145 889 1312 978 futurus3
1353 893 1460 964 etiam

418 1012 554 1086 fructus
585 1014 700 1086 omnis
731 1017 807 1109 jam
837 1015 875 1087 in
910 1017 1044 1089 semine
1070 1026 1134 1089 est.
1187 1014 1250 1088 De
1277 1016 1461 1114 sauguinis

417 1137 547 1235 pabulo
568 1149 605 1212 et
628 1139 800 1234 ejusmodi
824 1141 968 1238 tragicis
991 1140 1133 1214 ferculis
1158 1139 1279 1238 legite,
1303 1143 1461 1217 nuncubi

416 1261 568 1335 relatum
583 1263 641 1347 sit,
658 1262 820 1336 defusum
834 1263 986 1338 brachiis
1004 1266 1213 1364 sauguinem
1231 1291 1276 1338 ex
1290 1265 1463 1339 alterutro

417 1387 647 1484 degustatum
673 1389 836 1462 nationes
861 1389 1030 1485 quasdam
1062 1387 1186 1462 soederi
1220 1395 1461 1487 comparasse⁹.

418 1511 550 1586 Nescio
578 1515 666 1611 quid
693 1525 730 1587 et
753 1515 819 1588 sub
842 1513 1003 1588 Catilina
1028 1514 1100 1588 tale
1132 1515 1361 1613 degustatum
1396 1527 1461 1588 est.

418 1637 544 1712 Aiunt
574 1651 613 1712 et
646 1638 742 1737 apud
772 1639 940 1736 quosdam
976 1639 1129 1736 gentiles
1162 1639 1374 1738 Scytharum
1402 1641 1463 1714 de-

417 1762 579 1837 functum
603 1789 778 1860 quemque
798 1789 820 1836 a
841 1765 914 1836 suis
940 1763 1116 1836 comedi¹⁰.
1162 1765 1286 1861 Longe
1304 1791 1460 1838 excurro.

418 1885 541 1961 Hodie
574 1890 656 1962 istic
689 1887 848 1961 Bellonae
890 1900 1041 1962 sacratos
1081 1890 1225 1987 sanguis
1255 1890 1300 1962 de
1330 1889 1461 1964 femore

416 2015 585 2110 proscisso
620 2014 782 2111 parmula
816 2025 983 2112 exceptus
1018 2027 1055 2088 et
1089 2016 1161 2086 suis
1192 2015 1297 2088 datus
1330 2018 1459 2114 signat.

417 2139 513 2213 Item
545 2141 614 2226 illi,
642 2143 704 2239 qui
734 2166 880 2214 munere
907 2143 944 2214 in
973 2167 1077 2214 arena
1102 2142 1287 2216 noxiorum
1314 2143 1461 2240 jugula-

417 2277 534 2340 torum
554 2269 763 2366 sanguinem
786 2278 962 2340 recentem
984 2267 1048 2366 [de
1065 2267 1195 2365 jugulo
1214 2267 1459 2343 decurrentem

417 2389 624 2490 exceptum]
665 2395 769 2468 avida
807 2395 868 2467 siti
903 2394 1073 2468 comitiali
1112 2396 1232 2468 morbo
1277 2395 1460 2470 medentes

417 2517 653 2612 hauserunt¹¹,
695 2523 758 2594 ubi
799 2524 911 2594 sunt?
951 2523 1038 2594 item
1078 2521 1145 2608 illi,
1180 2523 1242 2620 qui
1279 2522 1324 2595 de
1356 2548 1460 2596 arena

417 2640 540 2716 ferinis
559 2647 712 2718 obsoniis
741 2657 893 2732 coenant,
923 2646 985 2742 qui
1010 2645 1055 2718 de
1080 2671 1174 2743 apro,
1200 2647 1262 2743 qui
1290 2647 1335 2720 de
1361 2674 1460 2721 cervo

416 2772 595 2865 petunt¹²?
638 2769 743 2868 Aper
766 2770 840 2854 ille,
870 2795 974 2867 quem
1001 2771 1211 2854 cruentavit,
1238 2770 1460 2846 colluctando

415 3019 440 3074 is
457 3021 541 3076 doubt
558 3022 641 3078 about
660 3023 716 3080 this
728 3024 847 3092 reading,
858 3023 913 3078 and
960 3017 1384 3099 ordinarypassages(compared
1393 3023 1461 3078 with

416 3106 551 3178 difficulty
563 3109 646 3164 about
656 3110 692 3164 its
702 3110 791 3164 literal
801 3109 913 3164 transla-
961 3110 1027 3163 AEn.
1043 3127 1082 3163 vr.
1101 3107 1177 3179 37³.)
1197 3109 1258 3164 thet
1274 3123 1325 3164 cau
1342 3109 1376 3164 be
1396 3110 1460 3164 well

415 3194 482 3260 tion,
500 3194 551 3249 but
567 3196 590 3250 it
606 3195 747 3266 obviously
761 3197 786 3250 is
799 3196 865 3250 used
883 3202 912 3250 to
961 3195 1105 3265 imagined.

415 3297 525 3350 express
535 3281 583 3336 the
591 3283 733 3338 transition
744 3281 775 3336 of
782 3281 829 3336 the
838 3300 913 3337 com-
1012 3280 1155 3336 1¹Constr.
1176 3285 1224 3350 qui
1247 3299 1354 3340 munere
1379 3278 1412 3351 (i.
1432 3300 1457 3336 e.

414 3374 516 3434 ponent
531 3369 676 3438 principles
688 3370 746 3424 into
759 3368 806 3422 the
821 3367 913 3424 foetus.
961 3375 1071 3436 tempore
1090 3369 1352 3427 muncrum-ludim
1377 3385 1407 3422 as
1430 3368 1460 3422 in

415 3453 561 3507 disturbare
567 3457 683 3508 onmium
689 3472 789 3521 means,
796 3454 912 3510 toshake
960 3471 985 3508 c.
996 3452 1036 3525 6.)
1048 3455 1125 3506 αυίάα
1135 3456 1182 3507 siti
1189 3456 1333 3508 temnunt
1342 3457 1459 3508 inererat

415 3537 548 3608 wioleutly
566 3539 637 3594 from
659 3541 696 3594 its
717 3546 774 3594 seat
791 3540 844 3594 and
866 3541 912 3595 dc·
960 3542 1271 3608 romulcam-medentes
1283 3535 1357 3611 [tta]
1365 3542 1458 3603 morbo,

414 3627 497 3693 stroy.
528 3626 641 3691 fractus
657 3629 741 3680 omnia
763 3629 794 3678 tn
815 3629 912 3681 sanine
959 3629 1196 3694 dyc-nmmum
1215 3628 1407 3694 japulctorum,
1430 3625 1462 3679 of

414 3715 473 3770 αις
498 3727 516 3764 a
535 3716 627 3780 pretty
646 3711 750 3765 similar
768 3717 911 3780 argument
959 3711 1097 3766 criminals
1107 3711 1169 3765 who
1179 3710 1248 3765 have
1261 3711 1329 3764 been
1346 3709 1415 3764 slain
1429 3712 1458 3764 in

414 3793 539 3849 hasbeen
548 3796 696 3865 singolorly
704 3795 805 3850 carried
817 3801 865 3848 out
873 3796 911 3865 by
959 3797 1074 3852 combat.
1091 3797 1186 3852 Celsus
1195 3792 1250 3866 (111.
1258 3793 1315 3864 23.)
1324 3796 1458 3850 mentions

413 3879 508 3935 Cicero
520 3882 553 3935 de
564 3881 656 3936 Dicin.
668 3901 698 3936 11.
710 3885 752 3935 21.
959 3883 1014 3937 this
1036 3882 1176 3952 empirical
1199 3881 1320 3950 remedy‚
1342 3897 1372 3935 as
1394 3881 1457 3935 does

463 3963 474 3996 ⁹
483 3967 580 4032 sederi
604 3969 911 4036 compernem—adbi-
959 3969 1103 4038 alsoPliny
1111 3965 1203 4038 (H.N.
1211 3985 1310 4022 xxvrn.
1318 3965 1358 4040 2.)
1368 3966 1458 4021 where

410 4054 753 4119 tubaesoederiaaneicndo.
960 4073 1003 4110 see
1027 4055 1161 4109 Harduin.
1199 4053 1260 4108 The
1282 4054 1377 4107 reader
1398 4052 1456 4106 will

465 4137 486 4168 ¹⁰
502 4157 519 4192 a
541 4142 598 4192 suta
620 4143 733 4200 comedi,-
758 4140 806 4194 See
829 4139 910 4194 Silius
959 4140 1056 4210 hardly
1067 4139 1215 4207 requireto
1229 4139 1263 4193 be
1276 4138 1415 4192 reminded
1428 4138 1460 4192 of

414 4221 524 4295 (Punic.
539 4243 603 4278 xm.
617 4228 677 4280 466.
694 4224 768 4295 sqq.)
783 4225 873 4280 which
895 4227 908 4280 Ι
958 4243 975 4279 a
996 4225 1112 4293 practice
1138 4224 1189 4278 but
1215 4223 1286 4278 little
1314 4223 1458 4278 dissimilar

413 4317 494 4380 quote
512 4310 615 4364 instead
635 4310 666 4365 of
678 4311 832 4366 Herodotus
849 4312 909 4366 that
959 4309 1049 4364 which
1067 4310 1134 4364 used
1156 4315 1186 4364 to
1207 4309 1241 4364 bc
1263 4309 1405 4364 witnessed
1427 4315 1458 4362 at

409 4398 461 4452 tbe
484 4397 586 4462 render,
606 4396 632 4450 if
652 4396 688 4450 ha
710 4397 820 4466 pleases,
844 4416 908 4467 may
958 4396 1114 4449 executione
1130 4396 1160 4450 in
1176 4395 1232 4450 this
1247 4401 1371 4466 country.

410 4492 477 4538 turn
495 4493 523 4538 to
546 4501 597 4537 oue
617 4483 648 4538 of
662 4483 710 4538 the
729 4492 799 4538 most
816 4491 908 4539 extra·
1009 4479 1029 4510 Ρ
1045 4483 1076 4535 dc
1088 4499 1163 4536 cervo
1176 4488 1336 4549 petum-sc.
1352 4483 1454 4548 cibum
