3300 5180
495 375 610 424 urana
637 373 940 426 sponoonrrcus.
1151 358 1219 424 105

171 547 347 630 ¹crilicare
370 557 408 629 in
434 557 610 654 praesenti,
631 567 667 630 et
689 556 792 628 illaesi
818 557 912 628 abire
936 566 1101 628 manente
1128 555 1222 652 apud
1251 565 1362 672 Χξῶῑίὶ.

195 681 351 753 animum
369 683 555 778 proposito,
573 682 842 754 obstinationem
864 680 970 752 saluti
987 679 1220 776 praeferamus.
1240 710 1383 724 -··--·

197 806 307 879 Datis
332 805 463 879 scilicet
489 805 777 902 consiliumque
803 806 899 876 vobis
928 805 1135 891 abutamur;
1160 805 1222 879 sed

196 933 426 1028 agnoscimus,
444 931 540 1004 unde
555 929 642 1004 talia
662 943 907 1028 suggerantur,
926 930 1004 1026 quis
1023 941 1138 1002 toturn
1156 929 1224 1004 hoc

196 1060 319 1154 agitet,
349 1069 386 1129 et
417 1057 589 1154 quomodo
625 1082 720 1129 nunc
755 1057 887 1130 astutia
926 1055 1095 1129 suadendi
1129 1081 1224 1129 nunc

196 1182 327 1256 duritia
353 1182 519 1256 saeviendi
545 1182 591 1256 ad
618 1183 850 1255 constantiam
876 1192 1030 1254 nostram
1056 1181 1222 1277 dejicien-

175 1308 289 1382 ,dam⁴
320 1321 491 1406 operetur.
558 1306 627 1380 Ille
659 1307 791 1380 scilicet
824 1307 968 1404 spiritus
1004 1307 1225 1380 daemoniacae

197 1446 234 1506 et
270 1434 434 1530 angelicae
473 1444 656 1530 paraturas,
693 1433 753 1530 qui
790 1443 909 1505 noster
948 1433 992 1504 ob
1032 1432 1220 1506 divortium

198 1558 343 1631 aemulus
369 1569 406 1630 et
439 1559 483 1630 ob
512 1556 571 1630 dei
604 1559 755 1654 gratiam
787 1557 939 1638 invidus,
972 1556 1016 1630 de
1045 1558 1224 1630 mentibus
1258 1643 1260 1646 ¹

197 1685 320 1756 vestris
340 1682 502 1756 adversus
519 1707 582 1756 nos
598 1682 809 1779 proeliatur⁵‚
831 1681 966 1754 occulta
982 1682 1223 1779 inspiratione,

196 1808 387 1882 modulatis
414 1819 451 1881 et
479 1808 676 1880 subornatis
699 1806 744 1879 ad
774 1831 926 1887 omnem,
955 1831 1061 1902 quam
1088 1807 1126 1878 in
1154 1807 1224 1904 pri-

198 1933 331 2005 mordio
354 1933 465 2005 exorsi
488 1955 618 2016 sumus,
645 1942 681 2004 et
700 1930 885 2027 Judicandi
903 1932 1169 2028 perversitatem
1188 1948 1225 2005 et

198 2056 362 2130 saeviendi
381 2057 619 2152 iniquitatem,
670 2052 767 2128 Nam
785 2055 869 2128 licet
886 2056 1043 2150 subjecta
1059 2056 1107 2127 sit
1125 2057 1225 2128 nobis

198 2192 274 2254 tota
301 2181 354 2257 vis
379 2181 574 2256 daemonum
600 2192 637 2253 et
667 2179 839 2275 ejusmodi
866 2181 1066 2276 spirituum,
1099 2193 1141 2253 ut
1165 2207 1226 2254 ne-

198 2329 303 2401 quam
331 2316 449 2378 tamen
480 2305 569 2377 servi
601 2305 731 2376 metui⁶
761 2328 1015 2401 nonnunquam
1043 2317 1224 2378 contuma-

198 2430 287 2502 ciam
309 2432 468 2514 miscent,
491 2441 527 2503 et
550 2429 676 2502 laedere
701 2430 860 2528 gestiunt
886 2455 972 2526 qnos
996 2430 1081 2503 alias
1107 2455 1227 2504 veren-

198 2568 278 2630 tur:
300 2557 419 2630 odium
439 2557 533 2629 enim
555 2557 662 2630 etiam
680 2557 785 2629 timor
801 2556 974 2651 inspirat3
995 2566 1225 2653 praeterquam

199 2682 292 2778 quod
318 2683 500 2779 desperata
524 2680 677 2754 conditio
702 2705 820 2753 eorum
846 2706 890 2752 ex
914 2679 1228 2777 praedamnatione⁷

200 2806 361 2879 solatium
389 2817 531 2903 reputat
560 2804 715 2879 fruendae
746 2806 889 2876 interim
921 2803 1156 2902 malignitatis
1184 2806 1229 2878 de

200 3157 502 3218 17.deobstinotionibus
512 3158 690 3222 ooowtprn
738 3162 868 3226 tanquam
879 3156 980 3211 deloco
994 3157 1107 3210 munito.
1142 3159 1231 3210 modu·

198 3246 393 3312 sumptionibus,
405 3247 429 3296 si
439 3244 691 3311 appropiatum
738 3246 822 3303 lotis;
843 3243 872 3295 in
888 3260 905 3296 a
921 3243 1024 3310 passive
1041 3259 1124 3307 sense,
1142 3240 1230 3294 which

199 3330 691 3399 istcepnidsrnodoommnnionsmcom·
738 3328 762 3382 is
781 3345 847 3397 very
866 3344 1036 3393 nncommon,
1057 3327 1107 3380 but
1128 3327 1141 3378 1
1162 3326 1231 3380 have

196 3418 342 3482 paratim
357 3416 505 3474 absistunt;
532 3412 579 3466 the
600 3429 691 3465 mean-
739 3413 865 3467 collected
883 3431 900 3466 a
916 3412 969 3466 few
988 3413 1119 3466 instances
1138 3411 1168 3466 of
1185 3411 1232 3466 the

199 3503 246 3571 ing
256 3502 287 3556 of
294 3499 384 3554 which
394 3500 474 3554 latter
485 3498 573 3553 clause
585 3498 618 3552 is:
631 3497 691 3551 that
740 3499 796 3554 like
806 3516 887 3568 usage
898 3499 929 3553 of
940 3497 1017 3552 other
1027 3497 1113 3563 verbs,
1126 3498 1159 3552 ad
1173 3516 1195 3551 c.
1206 3500 1232 3551 2.

199 3604 266 3640 even
285 3585 359 3640 these
379 3585 504 3654 qualities
525 3582 614 3637 which
637 3600 692 3652 you
740 3603 816 3652 prom
831 3589 861 3638 in
875 3587 1017 3652 primordio
1032 3587 1116 3638 snorsi
1132 3601 1231 3637 snmus.

200 3672 319 3726 consider
332 3667 631 3740 peculiarlyonrs,will
644 3673 693 3722 not
741 3669 995 3723 hemelandi.

200 3755 295 3809 shrink
318 3753 472 3828 (ohnstnnt)
496 3756 525 3808 in
553 3772 607 3823 any
632 3771 693 3822 way
791 3753 897 3809 “metui
914 3758 1099 3810 mtnnmeiom
1118 3758 1232 3809 muesnt.

200 3841 270 3894 from
296 3859 314 3894 a
340 3841 391 3896 fair
419 3841 584 3911 eomparison
613 3835 691 3910 (eom-
741 3845 844 3896 mucore
863 3841 941 3895 twice
964 3840 1040 3894 takes
1060 3858 1077 3895 a
1096 3841 1183 3896 dative
1203 3842 1233 3894 in

201 3930 290 3979 munio
300 3925 508 3999 comparationis)
518 3924 586 3980 with
596 3943 678 3995 yours
682 3944 691 3991 3
741 3927 835 3997 Virgil.
847 3927 910 3980 AEn.
922 3945 970 3979 vn.
981 3928 1040 3980 66].
1052 3944 1111 3980 vrrr.
1125 3929 1184 3982 432.

198 4014 235 4064 od
245 4011 326 4080 being
336 4013 425 4066 “with
436 4012 569 4067 reference
580 4010 629 4065 to''
639 4010 692 4065 and
790 4011 801 4043 ⁷
815 4015 1042 4082 predamnatione,
1061 4030 1086 4066 r.
1101 4013 1135 4072 ad
1150 4031 1172 4066 o.
1190 4014 1233 4066 23.

199 4100 328 4152 mustum
339 4097 523 4164 absolute;he
534 4096 691 4151 afterwards
742 4099 867 4152 “besides
897 4097 957 4152 that
988 4097 1059 4152 their
1090 4099 1233 4162 condition,

201 4182 231 4234 in
245 4181 292 4236 the
306 4189 373 4236 next
390 4183 499 4252 chapter
513 4183 635 4252 explains
646 4181 693 4235 the
742 4183 877 4252 desperate
911 4183 982 4238 from
1016 4185 1097 4254 being
1125 4184 1233 4252 already

198 4271 341 4335 nomam
353 4270 528 4323 obstinationis
538 4270 567 4323 in
579 4267 625 4322 the
631 4285 694 4338 eyes
742 4269 912 4336 condemned,
924 4271 1016 4340 gleans
1026 4271 1096 4325 from
1107 4287 1124 4323 a
1136 4269 1233 4337 respite

200 4354 233 4408 of
242 4353 289 4408 the
299 4353 423 4408 heathen.
742 4354 773 4407 of
787 4352 859 4408 their
875 4355 938 4422 fate,
961 4357 1007 4411 the
1026 4355 1188 4411 consolation
1206 4353 1237 4406 of

252 4438 452 4508 ‘dejiciendam
465 4440 535 4494 vrad
549 4459 571 4494 e.
583 4444 624 4511 12,
743 4441 869 4510 enjoying
898 4442 968 4496 their
999 4442 1094 4496 molire
1125 4440 1154 4493 in
1188 4438 1234 4492 the

252 4525 455 4594 ⁵proeliotnrde
472 4529 616 4590 mentitum
638 4527 655 4581 i.
668 4545 691 4580 s.
742 4544 820 4581 mean
837 4527 926 4581 time.''
