3300 5180
406 325 477 399 170
554 341 821 394 rnurunmnur
850 345 966 394 nisan
994 343 1298 394 sponocnmcus

278 532 355 638 cpe.
402 523 566 597 lenonem
600 525 801 599 damnando
835 525 1073 600 Christianam
1106 529 1237 623 potius,
1264 551 1370 624 quam
1396 525 1441 598 ad

244 681 390 692 -·-
403 649 554 730 leonem,
589 649 737 724 confessi
769 653 855 724 estis
886 651 1001 724 labem
1036 652 1217 748 pudicitiae
1249 651 1344 747 apud
1379 675 1441 723 nos

404 775 608 847 atrociorem
624 775 721 848 omni
737 801 841 872 poena
858 787 896 848 et
913 777 1010 848 omni
1023 787 1136 848 morte
1153 777 1320 872 reputari.
1364 773 1443 846 Nec

405 901 593 996 quiequam
618 913 739 972 tamen
758 901 897 997 proficit
922 902 1133 998 exquisitior
1152 927 1299 998 quaque
1322 899 1444 974 crude-

404 1023 488 1096 litas
505 1041 631 1106 vestra,
647 1023 812 1098 illecebra
829 1035 883 1098 est
900 1027 1014 1121 magis
1031 1041 1145 1100 sectae.
1198 1025 1322 1099 Plures
1338 1025 1444 1098 effici-

404 1173 495 1230 mur,
517 1150 656 1245 quoties
673 1151 870 1222 metimur¹⁴
894 1177 915 1222 a
937 1152 1054 1224 vobis:
1081 1177 1200 1226 semen
1225 1164 1278 1224 est
1301 1151 1445 1248 sanguis

406 1271 704 1348 Christianorum.
768 1276 884 1349 Multi
917 1277 1013 1374 apud
1046 1303 1105 1351 vos
1137 1278 1183 1350 ad
1217 1277 1442 1351 tolerantiam

405 1400 534 1474 doloris
550 1413 587 1474 et
602 1403 726 1475 mortis
743 1401 944 1487 hortantur,
967 1379 1009 1475 ut
1024 1403 1146 1476 Cicero
1162 1405 1201 1474 in
1219 1402 1444 1485 Tusculanis,

405 1541 448 1600 nt
467 1527 600 1601 Seneca
617 1531 656 1601 in
680 1530 895 1612 Fortuitis¹⁵,
917 1540 960 1602 ut
984 1529 1179 1626 Diogenes,
1202 1545 1245 1602 ut
1271 1527 1444 1626 Pyrrhon,

405 1665 448 1727 ut
474 1655 678 1728 Callinicus.
730 1654 809 1727 Nee
834 1666 954 1728 tamen
981 1668 1100 1728 tantos
1125 1657 1314 1728 inveniunt
1340 1655 1446 1726 verba

406 1780 607 1876 discipulos,
625 1792 775 1877 quantos
793 1778 992 1854 Christiani
1009 1780 1111 1858 factis
1134 1781 1326 1854 docendo¹⁶.
1375 1779 1446 1851 Illa

406 1908 483 2002 ipsa
521 1885 725 1992 obstinatio,
763 1933 868 2002 quam
905 1909 1134 2004 exprobratis,
1175 1910 1347 2006 magistra
1381 1918 1445 1980 est.

408 2032 498 2116 Quis
528 2033 623 2104 enim
652 2044 722 2104 non
751 2031 1048 2128 contemplatione
1073 2037 1149 2128 ejus
1175 2034 1376 2106 concutitur
1402 2031 1448 2104 ad

407 2157 670 2254 requirendum,
699 2158 785 2255 quid
806 2158 907 2231 intus
934 2160 971 2231 in
996 2185 1034 2232 re
1060 2161 1134 2232 sit?
1170 2161 1250 2256 quis
1276 2185 1358 2242 non,
1385 2159 1448 2231 ubi

407 2285 606 2380 requisivit,
637 2284 798 2358 aceedit?
833 2285 895 2357 ubi
923 2287 1078 2370 accessit,
1108 2288 1185 2382 pati
1217 2296 1373 2382 exoptat,
1405 2296 1448 2357 ut

408 2423 521 2484 totam
552 2411 611 2484 dei
636 2411 787 2508 gratiam
817 2410 982 2492 redimat,
1006 2422 1048 2484 ut
1072 2387 1212 2484 omnem
1234 2413 1374 2484 veniam
1403 2413 1448 2484 ab

408 2563 449 2609 eo
483 2538 769 2634 compensatione
799 2537 980 2626 sanguinis
1011 2539 1066 2610 sui
1099 2539 1292 2635 expediat?
1330 2539 1449 2610 omnia

409 2663 505 2734 enim
526 2660 612 2734 huic
628 2663 725 2759 operi
749 2661 881 2734 delicta
902 2662 1090 2735 donantur.
1143 2661 1235 2736 Inde
1262 2674 1326 2748 est,
1354 2663 1449 2759 quod

407 2786 539 2860 ibidem
573 2788 763 2860 sententiis
793 2787 919 2859 vestris
951 2789 1083 2883 gratias
1118 2789 1280 2884 agimus3
1319 2799 1361 2861 ut
1395 2799 1450 2862 est

407 2914 589 2987 aemulatio
617 2913 750 2984 divinae
781 2911 831 2985 rei
858 2925 895 2984 et
924 2911 1102 2994 humanae,
1130 2940 1210 2987 cum
1241 2914 1451 2988 damnamur

408 3068 428 3112 a
451 3041 560 3124 vobis,
585 3039 695 3112 adeo
721 3037 944 3111 absolvimur.

458 3290 478 3322 ¹⁴
501 3295 646 3348 metimur:
679 3290 726 3346 the
750 3291 906 3359 expression
955 3297 1003 3345 not
1021 3292 1146 3360 genuine,
1168 3292 1226 3357 but,
1246 3292 1313 3345 with
1335 3291 1382 3348 the
1404 3309 1453 3346 ex-

407 3377 639 3447 occnrsinVirgil
650 3377 704 3431 and
715 3375 793 3430 other
803 3381 885 3445 poeta.
955 3375 1063 3443 ception
1092 3376 1124 3430 of
1148 3375 1195 3430 the
1224 3382 1453 3432 commencemcnt

459 3462 480 3493 ¹⁵
497 3465 592 3518 Senon
609 3467 640 3516 in
656 3465 788 3517 Fortuita'e
797 3479 810 3522 ,·
837 3461 906 3515 This
957 3459 1043 3530 (Lips
1056 3461 1140 3516 Elect.
1153 3481 1172 3516 1.
1184 3461 1241 3533 26.)
1253 3462 1453 3530 itistolerably

409 3554 571 3603 wasatract
582 3549 690 3602 written
705 3548 743 3616 by
756 3547 862 3612 Seneca,
874 3548 908 3602 de
956 3549 1024 3618 good
1057 3547 1146 3613 Latin,
1173 3549 1226 3602 and
1257 3567 1275 3603 a
1304 3549 1454 3618 singularly

409 3633 537 3688 Remedio
564 3633 757 3698 Fortuitorum,
783 3633 817 3686 ad
844 3632 909 3686 Gal·
957 3633 1045 3687 clever
1061 3635 1135 3702 piece
1152 3634 1184 3690 of
1197 3635 1380 3690 declamation

409 3719 517 3772 lionem.
551 3719 577 3772 A
588 3719 695 3774 treatise
706 3719 867 3788 purporting
878 3725 906 3772 to
1008 3717 1028 3748 ¹⁶
1045 3727 1131 3774 tantos
1141 3728 1251 3790 quontm
1265 3720 1307 3774 for
1323 3726 1454 3788 tot-quot

409 3805 442 3860 be
462 3804 517 3858 this
538 3804 663 3860 identical
685 3805 861 3872 composition
883 3806 906 3859 is
955 3822 984 3858 es
1002 3806 1032 3858 in
1050 3823 1072 3858 c.
1093 3810 1117 3860 1.
1150 3809 1234 3875 saetis
1253 3809 1362 3860 docendo
1380 3812 1455 3860 must

409 3891 516 3960 printed
525 3891 554 3944 in
564 3897 634 3945 most
643 3891 758 3945 editions
769 3889 799 3943 of
808 3889 906 3944 Seneca
955 3891 989 3943 bc
1006 3890 1089 3946 taken
1106 3891 1206 3961 closely
1220 3891 1351 3961 together,
1363 3909 1455 3946 mean·

411 3975 485 4046 (Vol.
502 3993 527 4030 v.
546 3993 573 4044 p.
591 3977 651 4036 427.
671 3977 712 4030 ed.
731 3973 858 4043 Ruhnk.l
877 3976 906 4028 in
955 3976 1003 4045 ing
1013 3976 1051 4046 by
1062 3977 1134 4032 their
1144 3977 1272 4047 practical
1285 3977 1419 4046 example.

409 4063 457 4117 tho
480 4064 620 4130 Eoecrpta.
668 4063 740 4116 Itis
766 4060 905 4130 obviously
