3300 5180
522 364 639 412 urana
662 363 968 414 aronoonrrcus
1195 344 1264 423 167

225 569 311 640 quos
326 546 508 652 'patimini
536 547 631 644 quod
659 547 794 619 vultis?
847 547 959 619 Plane
985 547 1147 620 volumus
1177 550 1265 645 pati,
1315 571 1390 677 clar.

224 693 346 740 verum
367 696 408 742 eo
431 696 537 754 more,
560 697 629 768 quo
645 685 682 745 et
698 670 832 744 bellum
850 672 975 744 miles:
1001 697 1105 746 nemo
1122 674 1263 770 quidem
1277 721 1424 805 {et-ys

223 793 338 866 libens
371 795 518 891 patitur,
547 822 626 869 cum
661 810 697 870 et
727 797 904 894 trepidare
930 808 966 870 et
996 799 1188 894 periclitari
1218 801 1266 872 sit
1277 814 1408 914 {prega-

226 945 388 1006 necesse3
426 932 546 993 tamen
575 933 612 995 et
640 919 834 1018 proeliatur
860 923 1024 996 omnibus
1055 925 1198 1011 viribus,
1229 937 1266 999 et
1277 925 1417 1040 gffigeffi}

227 1048 370 1120 vincens
388 1049 424 1119 in
444 1048 577 1144 proelio
597 1048 741 1145 gaudet,
764 1049 826 1144 qui
843 1048 888 1121 de
902 1047 1026 1144 proelio
1043 1052 1265 1146 querebatur,
1277 1041 1415 1159 llgssffi'

226 1169 310 1269 quia
329 1184 365 1246 et
386 1173 532 1271 gloriam
557 1175 784 1270 consequitur
810 1185 846 1246 et
868 1174 1037 1270 praedam.
1091 1174 1264 1248 Proelium
1278 1174 1342 1266 ¹32⁰ss
1350 1175 1410 1266 ,⁰13³ss

227 1309 281 1371 est
306 1300 418 1384 nobis,
446 1300 537 1395 quod
566 1325 794 1398 provocemur
821 1300 867 1372 ad
894 1300 1165 1384 tribunalium
1193 1301 1266 1374 illic
1279 1276 1413 1384 illidi?

226 1428 291 1498 sub
308 1425 510 1500 discrimine
528 1428 653 1524 capitis
673 1453 735 1522 pro
755 1427 924 1499 veritate²
945 1439 1129 1500 certemus.
1183 1426 1268 1500 Vie-
1280 1395 1392 1503 iiiiii.Os

227 1554 317 1626 toria
340 1564 394 1626 est
419 1565 551 1637 autem,
578 1576 734 1649 proquo
760 1553 957 1635 certaveris,
984 1553 1154 1624 obtinere.
1211 1551 1269 1625 Ea

227 1680 373 1752 victoria
403 1677 511 1750 habet
539 1690 575 1750 et
604 1677 751 1774 gloriam
779 1675 943 1773 placendi
965 1677 1030 1749 deo
1055 1689 1091 1749 et
1115 1678 1267 1774 praedam

226 1803 368 1876 vivendi
393 1805 431 1875 in
458 1814 640 1875 aeternum.
694 1801 765 1874 Sed
791 1801 1036 1885 obducimur³;
1069 1813 1162 1875 certe
1188 1827 1266 1875 cum

226 1930 466 2004 obtinuimus:
491 1953 573 2026 ergo
592 1928 751 2011 vicimus,
774 1952 854 2000 curn
874 1926 1087 2014 occidimur;
1115 1927 1268 2023 denique

227 2053 420 2137 evadimus,
454 2078 534 2126 cum
565 2051 782 2125 obducimur.
844 2050 965 2136 Licet
984 2077 1081 2124 nunc
1113 2078 1267 2124 sarmen-

227 2179 330 2250 ticios
367 2189 404 2250 et
444 2173 633 2251 semaxios⁴
669 2175 866 2273 appelletis,
907 2178 991 2272 quie
1028 2176 1074 2248 ad
1109 2178 1267 2272 stipitem

227 2302 369 2376 dimidii
384 2304 460 2376 axis
477 2303 627 2376 revincti
643 2313 899 2374 sarmentorum
920 2302 1059 2374 ambitu
1077 2303 1267 2374 exurimur.

228 2429 302 2501 Hic
319 2439 372 2502 est
388 2427 531 2501 habitus
549 2427 702 2500 victoriae
717 2436 857 2509 nostrae,
871 2423 949 2500 haec
963 2425 1121 2522 palmeta
1136 2429 1244 2500 vestis
1258 2452 1268 2516 ς

229 2577 330 2626 usar
353 2574 491 2627 cuano
513 2572 832 2624 calumniaturus.
878 2549 1014 2624 Merito
1030 2553 1154 2648 itaque
1168 2555 1270 2627 victis

277 2819 288 2852 ¹
312 2821 372 2876 The
399 2823 556 2876 sentimenta
583 2819 723 2876 contained
772 2816 829 2897 36.)
842 2816 964 2886 employa
975 2817 1022 2871 the
1034 2819 1108 2872 word
1120 2820 1270 2890 absolutely

226 2909 256 2962 in
273 2908 329 2962 this
346 2907 456 2978 chapter
471 2906 528 2960 will
542 2907 576 2960 be
592 2906 678 2960 found
694 2907 723 2960 in
772 2903 814 2956 for
833 2907 981 2958 revincere:
1007 2908 1136 2972 possimus
1159 2909 1270 2961 obtinere

226 2994 274 3048 the
293 3000 376 3048 tracts
398 2993 432 3047 ed
453 2993 596 3061 Martyres,
616 2992 723 3046 ended
772 3007 826 3043 uou
844 3005 897 3044 aare
915 2992 970 3044 Deo
988 3009 1005 3042 a
1023 2994 1153 3057 aupuure
1168 2995 1270 3059 prolata

227 3079 378 3149 Scapulam,
398 3080 452 3133 and
474 3097 519 3133 are
543 3078 667 3146 repeated
686 3078 723 3145 by
772 3083 826 3128 tam
835 3093 1004 3142 supervasum,
1017 3075 1084 3128 with
1097 3076 1186 3130 which
1198 3095 1270 3131 corn-

225 3173 296 3220 most
318 3166 349 3219 of
374 3163 548 3219 Tertullian's
570 3179 723 3227 successore,
772 3177 884 3229 pnrerv.
898 3163 923 3213 8.

226 3251 368 3321 especially
392 3251 512 3320 Cyprian
534 3250 587 3304 and
612 3248 724 3302 Laetan-
824 3245 1184 3308 ‘mmmttutuumatu
1210 3247 1269 3301 The

226 3339 290 3392 tius.
326 3337 360 3390 In
378 3335 425 3390 the
441 3336 511 3390 edict
527 3334 559 3388 of
573 3332 726 3387 Antoninus
773 3330 921 3404 formatos
937 3331 1012 3385 these
1027 3333 1114 3386 words
1132 3351 1224 3387 occurs
1241 3336 1270 3388 in

227 3442 262 3478 an
279 3424 434 3492 expression
451 3420 558 3489 exactly
571 3418 683 3489 parallel
697 3425 725 3472 to
774 3415 822 3469 the
842 3415 988 3485 Scriptores
1007 3417 1057 3471 Rei
1076 3418 1201 3484 Rustica,
1221 3420 1271 3473 but

227 3509 274 3564 the
304 3517 362 3564 text
390 3525 490 3563 occurs.
529 3509 619 3564 νικῶσι
645 3512 726 3585 apol·
775 3501 1059 3557 ofcourseinamore
1071 3505 1178 3558 natural
1189 3523 1271 3560 sense.

227 3602 316 3675 έμενο,
331 3603 383 3660 ra's
397 3603 508 3683 papale.
525 3600 637 3673 (Eugeb,
653 3601 725 3655 nist,
776 3588 837 3642 The
853 3588 913 3642 idea
923 3588 954 3642 of
967 3587 1015 3642 the
1031 3589 1170 3660 following
1185 3591 1273 3646 clauso

228 3698 341 3772 ιν.13).
384 3699 462 3752 Some
480 3698 602 3753 remarks
619 3697 677 3750 will
692 3697 725 3750 be
774 3674 823 3728 Μ
845 3675 913 3728 been
936 3675 1074 3729 b⁰ff⁰W0d
1100 3676 1137 3745 by
1160 3676 1274 3731 Μάθῃ-

229 3784 354 3839 foundin
368 3785 416 3839 the
430 3784 620 3849 introduction,
632 3800 667 3836 on
678 3781 725 3835 the
775 3759 830 3812 llus
849 3755 895 3828 (de
918 3760 957 3814 M·
977 3760 1007 3813 p,
1028 3759 1074 3832 16)
1093 3761 1143 3815 but
1161 3762 1203 3816 far
1222 3762 1274 3816 ¹0⁵⁵

229 3870 376 3939 frequency
393 3870 424 3925 0f
441 3870 515 3926 these
533 3869 654 3938 military
670 3886 726 3922 me,
775 3846 891 3914 foroibly
913 3846 966 3899 end
995 3847 1189 3918 sententiously
1212 3866 1273 3902 con-

228 3955 340 4024 taphors
356 3957 409 4010 and
426 3957 609 4011 illustratione.
775 3931 870 4000 leyed·
918 3933 1005 3994 Quam
1029 3936 1181 4000 juvandum
1210 3937 1275 3986 illud

774 4020 946 4084 spectaculum
958 4020 1013 4072 Deo
1019 4020 1081 4086 suit
1092 4038 1152 4073 aum
1163 4029 1187 4074 te
1198 4024 1274 4074 victo·

280 4089 291 4121 ³
307 4094 466 4159 acuamur,
484 4112 527 4148 see
541 4099 604 4147 note
621 4111 648 4162 p.
667 4096 725 4145 150·
775 4121 830 4157 rem
845 4112 966 4170 cerneret,
986 4123 1039 4159 uou
1060 4109 1181 4160 candidos
1199 4125 1275 4175 equos

225 4181 395 4260 pauentum,
418 4198 452 4234 sc.
481 4197 609 4235 caussam.
639 4197 664 4232 v.
694 4178 728 4231 ‹le
776 4198 824 4243 aut
840 4192 966 4243 imuraucs
982 4194 1132 4260 elephantos,
1149 4195 1192 4245 aad
1209 4197 1276 4259 a'paoa

230 4263 317 4331 Specl·
331 4281 355 4317 G·
369 4267 410 4316 18·
446 4268 522 4328 Quod
537 4271 562 4320 δι’
576 4269 727 4321 uataaum
775 4279 937 4340 potissimum
960 4281 1158 4345 triumphatores
1181 4283 1275 4331 currui

229 4353 367 4405 cauteudaa
385 4355 414 4404 iu
432 4357 571 4420 scripturis
588 4357 729 4417 naminari,
779 4368 823 4412 tua
842 4365 1028 4431 aulp'upaatem.
1072 4365 1127 4415 Hic
1144 4371 1182 4417 eet
1199 4381 1276 4418 auus

229 4439 428 4490 aaueobtr'aebr’a.
458 4437 593 4493 Arnobius
606 4438 638 4508 (1.
655 4427 729 4510 init.)
780 4450 1003 4514 triumphantum
1016 4453 1186 4503 dominatores
1196 4452 1275 4504 damt-

231 4539 291 4576 uses
307 4526 447 4578 obtinuisse
461 4543 580 4578 causeam
588 4545 600 4586 ;
620 4527 673 4580 and
686 4525 729 4596 (11.
780 4541 888 4586 uantur.
