3306 5176
401 348 448 416 ³8
778 360 1044 411 rnnrunnrsur

278 561 353 669 egr.
402 543 538 627 civitas,
576 565 681 637 quom
713 540 963 638 depalaverat,
996 541 1164 616 Saturnio
1195 567 1305 640 usque
1338 567 1433 616 nune

247 653 477 755 ··-·'-est;
512 677 588 742 tote
607 667 759 765 denique
785 667 902 754 Italia,
927 679 1007 765 post
1028 669 1239 754 OEnotriam
1265 668 1431 744 Saturnia

402 793 723 891 cognominabatur.
776 791 840 868 Ab
861 794 938 891 ipso
957 795 1111 891 primum
1134 793 1264 870 tabuloe
1285 805 1323 868 et
1345 795 1432 866 ime-

401 919 484 1016 gine
505 919 664 1016 signatus
681 943 821 1004 numus,
843 929 880 996 et
901 919 985 994 inde
1001 919 1120 996 {erario
1144 919 1336 1016 praesidet„
1361 917 1432 992 Ta-

402 1071 483 1122 men
510 1047 539 1122 si
562 1043 667 1120 homo
690 1045 875 1131 Saturnus,
897 1047 1022 1143 utique
1046 1072 1091 1122 ex
1113 1045 1267 1131 homine,
1292 1047 1433 1144 etquis

403 1172 448 1246 ab
481 1169 634 1255 homine,
668 1195 739 1248 non
771 1173 898 1268 utique
930 1171 975 1246 de
1006 1171 1092 1246 eoelo
1126 1183 1162 1244 et
1193 1182 1297 1245 terro.
1362 1171 1433 1244 Sed

403 1299 502 1392 eujus
519 1307 682 1392 parentes
698 1296 814 1393 ignoti
831 1307 942 1381 erant,
961 1294 1063 1370 facile
1080 1294 1151 1370 fuit
1168 1307 1286 1370 eorum
1302 1291 1434 1368 filium⁸

403 1421 484 1506 diei,
502 1447 650 1517 quorum
668 1431 705 1496 et
722 1446 843 1496 omnes
859 1446 1044 1518 possumus
1060 1421 1182 1496 videri.
1230 1420 1324 1506 Quis
1339 1423 1432 1494 enirn

402 1573 472 1626 nou
502 1547 628 1622 eoelum
659 1559 696 1620 et
724 1559 853 1622 terram
882 1557 1032 1621 matrem
1062 1557 1099 1621 et
1127 1559 1262 1644 patrem
1291 1571 1434 1620 venera-

402 1674 508 1746 tionis
533 1684 569 1746 et
592 1670 733 1748 honoris
759 1672 874 1770 gretie
898 1671 1066 1770 appellet,
1095 1672 1152 1746 vel
1182 1697 1226 1745 ex
1252 1682 1436 1746 eonsuetu-

401 1797 485 1870 dine
517 1795 682 1882 humann
715 1821 785 1893 qua
813 1797 929 1895 ignoti
956 1796 1014 1872 vel
1044 1822 1089 1872 ex
1117 1797 1302 1894 inopinato
1330 1821 1436 1894 oppa-

401 1926 537 1998 rentes⁹
570 1922 615 1998 de
647 1921 732 1996 eoelo
762 1922 1004 2020 supervenisse
1034 1921 1231 1996 dicuntur?
1279 1919 1436 1995 Proinde

410 2048 564 2124 Saturno
591 2049 776 2146 repentino
800 2049 933 2146 ubique
965 2048 1116 2124 coelitem
1124 2051 1146 2090 ¹⁰
1177 2048 1329 2144 contigit
1353 2047 1434 2121 diei.

451 2274 462 2306 ⁷
479 2278 658 2344 deputare-to
684 2274 761 2330 stoke
783 2275 824 2328 off
828 2293 837 2341 3
867 2280 894 2330 to
942 2273 1069 2343 pliestion
1080 2272 1111 2327 of
1122 2271 1286 2342 magnitude,
1298 2289 1329 2325 or
1341 2271 1437 2326 solem-

400 2362 480 2416 merk
502 2370 551 2417 out
572 2363 611 2431 by
633 2361 722 2416 stokes
745 2359 835 2434 (puli),
855 2377 894 2427 or,
943 2358 1234 2429 nity‚orsuddenness‚
1251 2357 1438 2428 inthoobjeot

400 2446 563 2516 perhaps,to
578 2447 672 2516 fortify
685 2448 753 2517 bya
769 2446 893 2516 pelisode.
943 2444 1209 2514 presentedtoviow.
1244 2443 1438 2514 Virgilsoem-

403 2532 417 2584 1
435 2531 503 2586 have
520 2533 588 2588 been
605 2532 703 2588 uusble
721 2539 749 2587 to
767 2533 824 2586 find
840 2531 895 2587 this
943 2531 1021 2600 ploys
1031 2532 1063 2597 it,
1074 2531 1138 2586 AEn.
1149 2549 1178 2585 x.
1190 2530 1242 2590 579
1250 2548 1260 2597 3

401 2617 475 2670 word
504 2618 647 2672 elsewhere
671 2624 768 2687 except
796 2619 825 2670 in
848 2617 894 2670 the
945 2649 1439 2703 lmimdvmueingmdmtm

403 2701 496 2756 Pastor
506 2703 537 2756 of
547 2703 670 2770 Hermes,
678 2703 768 2757 where
774 2704 895 2758 itooours

401 2789 431 2842 in
444 2788 492 2843 the
507 2788 571 2844 fifth
585 2789 739 2844 similitude·
767 2806 895 2860 quumque
943 2752 1164 2808 endtwieeiuu
1181 2757 1252 2806 most
1265 2750 1438 2820 magnificent

401 2877 539 2944 deponeret
547 2877 896 2941 mammillametootmad-
944 2856 1067 2909 9⁰⁸⁵³g⁰³

969 2941 1068 2993 Adparet
1075 2939 1155 2982 domus
1163 2939 1233 2998 intus,
1244 2941 1267 2982 et
1276 2937 1336 2980 strio
1347 2938 1415 2992 longe

493 3047 499 3060 ,
644 3047 650 3060 ,
702 3048 709 3061 ‚
748 3048 754 3060 ,
820 3047 826 3060 ,
1006 3011 1138 3060 patescunt:

401 3048 481 3118 given
491 3052 514 3100 ll
525 3046 679 3115 ihelfl'ss‘illle
688 3047 900 3116 ffiss'mficallfflmf
970 3075 1085 3128 Adparent
1097 3074 1180 3118 Priami
1193 3077 1216 3116 et
1232 3076 1333 3118 veterum
1348 3081 1414 3124 pene·

401 3151 453 3188 our
465 3139 572 3202 present
582 3139 651 3199 text,
663 3133 713 3188 but
726 3133 769 3186 for
779 3133 826 3186 the
837 3151 898 3202 pre-
1006 3143 1072 3186 malie
1083 3153 1171 3196 regum,
1184 3141 1225 3182 ec.

402 3221 479 3274 vious
507 3224 638 3285 Bellienoe,
665 3223 736 3288 eique
758 3223 899 3288 ‘mimam
995 3203 997 3210 ’
1186 3206 1413 3251 ΔΞΜΜΜΜῊ.

402 3311 502 3361 meeum
523 3312 553 3360 ut
573 3308 668 3360 vitibus
682 3309 803 3376 jungeret
817 3308 898 3374 palor,
949 3313 1062 3379 Horooe,
1074 3312 1135 3368 Cer.
1147 3330 1177 3366 11.
1189 3315 1232 3376 10,
1244 3311 1297 3376 233

402 3391 492 3445 Which
499 3390 530 3448 Of
540 3408 632 3446 oourse
645 3392 767 3462 explfllssfl
778 3391 825 3445 the
836 3391 898 3445 ⁸Ub·
996 3414 1070 3456 ltebm
1079 3412 1182 3466 angustis
1190 3411 1305 3452 animosus
1315 3413 1381 3462 etque

402 3481 514 3545 sequent
528 3476 600 3530 verb.
624 3483 629 3493 ’
643 3477 677 3530 Ιιι
690 3476 737 3531 the
752 3477 830 3531 other
843 3483 897 3531 two
995 3479 1170 3532 Fortisahbflrffl

401 3579 522 3630 passages
533 3561 663 3616 inwhieh
675 3562 827 3616 Tertulliun
842 3579 898 3614 em·
945 3566 998 3619 und
1016 3565 1148 3620 Clsudieu
1167 3565 1197 3618 in
1212 3563 1325 3632 Eutrop.
1346 3581 1364 3616 1.
1378 3564 1439 3630 390,

401 3647 479 3716 ploys
489 3647 520 3712 it,
531 3647 545 3700 1
557 3653 653 3702 oeuuot
664 3647 728 3716 help
736 3647 865 3718 thinking
875 3649 898 3702 it
945 3649 1127 3720 personifying
1142 3650 1260 3704 Rome—

401 3732 591 3802 hesoentiolly
602 3733 649 3788 the
660 3750 733 3787 seme
745 3734 898 3788 wordasin
971 3750 1420 3805 ormoutnenuum,juvemquemprrut

401 3816 897 3887 thisuotwithsteudingtheexpleno·
1007 3819 1096 3872 iugens.

402 3902 472 3955 tione
485 3903 516 3956 of
527 3903 646 3970 Semler3
665 3903 770 3972 though
782 3905 898 3970 depolore
998 3903 1149 3960 Tertudlien
1168 3903 1276 3960 rendere
1293 3899 1439 3980 ἐπιφάνεια

402 3987 548 4058 signifying
562 3990 737 4057 manifestare,
750 3987 897 4060 (pelamis
946 3996 983 4064 by
1000 3999 1160 4062 mumio-
1195 3995 1256 4050 The
1270 3996 1441 4067 correspond-

402 4073 632 4130 nodoubtiuuse.
653 4073 897 4144 Comperstheex-
945 4082 992 4151 ing
1014 4082 1179 4150 expressions
1202 4082 1232 4135 in
1254 4083 1302 4137 the
1325 4083 1441 4154 Vulgste

402 4159 521 4228 pressior
542 4162 705 4227 diepaleeoere
727 4163 757 4218 in
784 4161 897 4216 Plautus
945 4167 1323 4224 ureodoeotueundreoelotr’o.

402 4244 678 4311 Boooh.1v.9,12³.
995 4250 1016 4281 ¹⁰
1042 4254 1154 4321 Concipit
1160 4270 1174 4314 ;
1203 4254 1221 4306 i.
1241 4273 1264 4308 e.
1295 4259 1371 4324 quari
1399 4271 1440 4310 roe

452 4329 523 4386 ⁸cf.
534 4330 692 4388 Cbrnuhod
705 4332 776 4390 Pers
788 4354 825 4390 vr.
836 4339 879 4391 59.
944 4355 1047 4406 mogun,
1069 4355 1099 4392 ss
1121 4340 1151 4392 in
1168 4339 1216 4394 the
1238 4341 1354 4408 proverb
1374 4341 1440 4394 Non

449 4414 612 4486 ⁹Apparere.
630 4416 699 4474 This
709 4421 896 4478 wordisooeo-
944 4426 1035 4488 ιιιίιιίι,
1060 4421 1111 4478 &u
1157 4423 1200 4479 Cf.
1222 4424 1288 4479 Jur.
1315 4444 1352 4479 vr.
1379 4428 1439 4482 664.

402 4503 591 4572 sionellyused
604 4505 698 4560 pitho
713 4507 832 4575 peouliar
845 4509 894 4564 im·
944 4506 1012 4563 Hor.
1024 4507 1075 4577 Ep.
1084 4527 1114 4564 11.
1123 4512 1148 4576 2,
1158 4514 1198 4566 40.
1236 4510 1337 4568 Lmen.
1350 4530 1368 4566 r.
1380 4513 1422 4565 32.

401 2965 527 3028 vernet,
546 2959 595 3015 &e
610 2961 663 3014 and
681 2961 694 3014 I
713 2960 809 3016 should
828 2959 896 3016 heve
