3306 5176
295 522 393 632 tofa.

428 331 475 411 96
815 347 1080 399 rnarucnmur

428 529 602 630 supplices
622 552 748 603 manus
771 527 908 613 tendat,
928 527 1018 602 alius
1034 526 1080 602 ad
1098 553 1192 602 aram
1218 526 1337 613 Fidei,
1361 527 1464 614 alius,

428 659 457 730 si
480 656 546 730 hoc
575 656 742 754 putatis⁹,
774 656 887 728 nubes
914 663 1079 728 numeret
1108 677 1222 740 orans,
1251 653 1342 728 alius
1367 652 1464 728 lacu·

426 784 536 866 naria,
571 781 662 856 alius
694 805 791 854 suam
826 779 980 853 animam
1012 778 1077 872 deo
1110 804 1172 852 suo
1203 789 1340 865 voveat,
1373 779 1463 854 elius

427 905 526 980 hirci.
590 905 724 980 Videte
754 904 849 978 enim
878 928 924 978 ne
954 913 992 978 et
1019 901 1086 976 hoc
1114 901 1159 976 ud
1187 903 1462 1002 irreligiositatis

427 1032 582 1130 elogium
615 1029 840 1126 concurraofw,
872 1030 1028 1104 adimere
1054 1028 1254 1104 libertatem
1282 1029 1463 1128 religionis

427 1168 464 1230 et
492 1157 702 1232 interdicere
733 1156 911 1254 optionem
942 1155 1157 1238 divinitatis,
1187 1165 1229 1230 ut
1258 1181 1329 1229 uon
1356 1156 1465 1232 liceat

426 1282 517 1358 mihi
547 1283 658 1358 colere
692 1307 798 1380 quem
830 1281 950 1366 velim,
984 1281 1045 1356 sed
1077 1307 1180 1380 cogar
1211 1281 1322 1356 colere
1356 1306 1462 1379 quem

426 1410 547 1484 nolim.
608 1407 727 1483 Nemo
759 1433 796 1482 se
825 1408 869 1482 ab
901 1409 1016 1482 invito
1048 1407 1115 1482 coli
1141 1407 1246 1492 volet,
1278 1433 1324 1481 ne
1356 1406 1462 1480 homo

426 1535 596 1633 quidem;
622 1546 729 1632 atque
750 1533 837 1608 adeo
862 1543 899 1608 et
920 1534 1101 1632 AEgyptiis
1120 1533 1289 1631 permissa
1311 1543 1365 1608 est
1387 1543 1462 1607 tam

425 1685 526 1735 vanae
548 1660 808 1758 superstitionis
833 1669 1000 1756 potestas,
1028 1659 1151 1734 avibus
1172 1671 1208 1734 et
1232 1659 1356 1733 bestiis
1381 1683 1465 1732 oon-

426 1787 612 1873 seorandis,
636 1798 673 1860 et
694 1787 809 1884 capite
831 1785 1053 1870 damnandis,
1076 1786 1138 1883 qui
1161 1785 1315 1882 aliquem
1338 1783 1463 1881 hujus·

425 1914 522 1986 modi
550 1912 657 1986 deum
683 1911 860 1986 occiderit.
906 1911 1116 2008 Unicuique
1140 1912 1249 1985 etiam
1275 1909 1461 2008 proviuoiae

426 2049 463 2112 et
490 2038 627 2112 civitati
656 2062 740 2110 suus
766 2037 853 2111 deus
881 2047 946 2123 est,
977 2047 1019 2110 ut
1052 2037 1162 2134 Syriae
1191 2036 1388 2134 Atargatis,
1416 2044 1461 2108 ut

424 2162 566 2237 Arabia
599 2161 771 2246 Dusarer,
800 2173 843 2236 ut
874 2162 1015 2235 Noricis
1047 2161 1215 2247 Belenus,
1248 2171 1290 2234 ut
1324 2157 1459 2232 Africae

425 2289 597 2374 Ooelestis,
627 2299 669 2362 ut
704 2287 937 2362 Mauritania
970 2287 1108 2384 Reguli
1138 2287 1204 2359 sui.
1263 2284 1459 2372 Romanae,

424 2426 467 2489 ut
497 2417 630 2513 opinor,
662 2416 858 2514 provincias
884 2414 992 2500 edidi,
1028 2439 1095 2488 nec
1124 2423 1244 2486 tamen
1276 2411 1462 2484 Romanos

423 2539 505 2612 deos
524 2565 655 2624 earum,
681 2541 765 2637 quia
782 2539 911 2612 Romae
931 2563 1002 2612 non
1021 2538 1134 2636 magis
1152 2536 1327 2622 coluntur,
1353 2561 1460 2634 quam

424 2665 485 2762 qui
503 2691 565 2762 per
585 2666 696 2762 ipsam
721 2691 861 2763 quoque
886 2664 1031 2738 Italiam
1056 2663 1265 2762 municipali
1286 2689 1462 2738 eonsecra-

424 2790 519 2863 tione
550 2801 762 2862 censentur:
791 2789 1054 2862 Casiniensium
1083 2789 1338 2875 Delventinus,
1367 2788 1460 2862 Nar-

423 2915 600 2988 niensium
621 2914 843 3002 Visidianus,
863 2914 1132 2988 AEsculanorum
1155 2913 1352 3001 Ancharia,
1372 2913 1462 2988 Vol-

422 3018 627 3116 siniensium
658 3038 832 3126 Nortia¹¹,
857 3039 1151 3115 Ocriculanorum
1176 3039 1364 3126 Valentia,
1395 3039 1461 3114 Su-

420 3387 475 3442 this
490 3405 559 3457 way,
572 3387 674 3459 “Why
687 3387 785 3444 should
800 3394 849 3442 not
863 3404 918 3457 arry
967 3386 1049 3442 Jews.
1084 3387 1140 3441 Ns'l
1154 3394 1257 3454 proerer
1273 3387 1352 3440 nutes
1367 3391 1392 3440 at
1407 3386 1468 3438 oeli.

419 3475 679 3544 manbepermittod
686 3474 789 3530 theuto
800 3473 918 3543 worship
966 3491 1063 3528 numen
1074 3476 1191 3528 odorum.
1220 3470 1259 3526 As
1270 3473 1462 3526 lomnnrr'ncre

419 3557 467 3612 the
485 3559 559 3614 chief
573 3561 626 3630 god
645 3559 741 3615 alonel
767 3577 798 3614 or
816 3559 917 3624 rather,
966 3559 1052 3629 really
1080 3559 1127 3614 the
1155 3563 1362 3628 compartments
1390 3558 1420 3612 in
1445 3575 1463 3612 a

419 3643 485 3714 why
507 3645 603 3701 should
625 3651 673 3700 not
696 3663 778 3714 every
799 3663 865 3700 men
884 3645 918 3698 bo
968 3651 1069 3714 system
1080 3645 1112 3699 of
1124 3645 1281 3714 pannelling
1294 3659 1329 3698 on
1341 3643 1389 3698 the
1400 3643 1464 3698 ciel-

419 3728 469 3784 left
479 3736 508 3785 to
518 3731 561 3786 his
572 3749 634 3786 own
644 3731 702 3786 will
717 3731 747 3784 in
762 3735 876 3785 matters
890 3731 922 3786 of
967 3731 1022 3800 ing,
1033 3741 1150 3787 uummet
1160 3748 1226 3800 may
1235 3731 1269 3784 be
1282 3729 1388 3798 strictly
1398 3747 1463 3798 sup-

419 3815 541 3885 relr‘gion,
559 3817 695 3872 whatever
711 3817 746 3870 he
763 3815 872 3870 chooses
888 3821 916 3870 to
967 3816 1039 3885 plied
1058 3817 1129 3872 from
1150 3817 1197 3872 tho
1217 3817 1295 3872 other
1314 3815 1411 3882 clause,
1430 3831 1463 3868 or

418 3917 473 3970 pay
497 3901 603 3956 honour
630 3909 680 3969 to3
714 3908 776 3956 true
804 3901 916 3970 religion
966 3898 1193 3973 (whiohismore
1208 3899 1349 3972 probabis)
1360 3903 1384 3956 it
1397 3917 1461 3971 may

418 3992 491 4040 must
504 3988 534 4040 in
547 3988 583 4042 its
596 4006 701 4043 essenos
714 3988 748 4041 be
761 3986 915 4057 voluntary,
964 3990 998 4043 be
1008 3989 1092 4044 taken
1103 3989 1204 4059 simply
1214 4006 1244 4044 es
1255 3991 1387 4057 meptcr'et.

422 4069 473 4126 &u
1016 4073 1036 4105 ¹⁰
1053 4079 1087 4130 ud
1120 4079 1320 4144 irrelipioeitntie
1353 4077 1461 4142 aloytum

468 4154 520 4211 ”st
536 4160 581 4212 hoc
595 4163 704 4226 putatia,
723 4159 741 4213 i.
750 4176 773 4213 e.
792 4158 843 4213 “if
857 4177 914 4229 you
961 4169 1120 4222 mneurrut;
1146 4163 1196 4231 ‘go
1214 4161 1330 4216 towards
1345 4160 1459 4230 proving

417 4244 512 4299 ohoose
533 4261 561 4298 so
581 4249 609 4298 to
630 4245 761 4314 interpret
780 4262 797 4299 a
816 4263 915 4316 prayer
961 4245 1322 4318 theehmgeofineligion:
1356 4244 1402 4300 On
1412 4244 1459 4298 the

417 4329 556 4384 addressed
572 4335 601 4384 to
618 4329 729 4396 heaven,
744 4347 774 4385 as
790 4336 818 4386 to
833 4330 915 4401 fancy
961 4338 1104 4402 srgnrment
1120 4351 1163 4387 see
1179 4333 1214 4387 ad
1230 4333 1306 4401 Scap.
1318 4349 1342 4386 c.
1353 4334 1378 4386 2.
1392 4331 1462 4385 Lao-

417 4417 465 4471 the
492 4417 636 4486 petitioner
654 4417 679 4471 is
697 4417 762 4487 only
784 4421 915 4491 counting
961 4423 1029 4472 tant.
1042 4417 1065 4472 I.
1077 4417 1112 4472 D.
1123 4437 1149 4472 v.
1161 4421 1204 4472 20.

417 4502 465 4557 the
483 4502 600 4559 clouds.''
634 4503 668 4558 So
685 4502 803 4560 Juvenal
820 4504 852 4560 of
865 4505 913 4559 the
1012 4500 1032 4534 ¹¹
1054 4505 1253 4558 Volsiniemium
1267 4505 1412 4558 Norunt.
1424 4501 1458 4557 ad
