3300 5180
404 337 476 409 164
789 358 1057 409 inuruniiiui

248 554 374 662 ngffl·
401 563 506 612 omne
528 536 725 612 humanum
751 565 864 638 genus
890 540 935 612 ad
961 538 1250 638 expungendum,
1277 535 1371 634 quod
1403 535 1443 606 in

242 664 470 738 --isto
495 689 567 737 aero
592 667 677 738 boni
702 691 764 738 seu
790 665 875 738 mali
902 666 1045 749 meruit,
1070 676 1108 738 et
1131 665 1215 738 exin
1240 660 1442 760 dependen-

400 788 485 862 dum
503 791 541 862 iii
559 791 769 864 immensam
784 791 994 864 eternitatis
1010 791 1299 888 perpetuitatem.
1338 786 1442 860 Ideo·

400 939 470 1009 que
491 939 557 988 nec
574 939 667 988 mori
689 919 778 1011 jain,
799 940 865 989 neo
881 940 1001 988 rursus
1020 941 1061 988 ac
1080 940 1200 987 rursus
1223 910 1443 993 resurrectio,

399 1037 462 1111 sed
485 1041 614 1114 erimus
638 1041 746 1114 iidem
769 1043 831 1138 qui
851 1066 958 1126 nunc,
983 1066 1048 1112 nec
1070 1040 1132 1112 alii
1154 1051 1254 1138 post:
1281 1039 1339 1112 dei
1364 1037 1444 1132 qui-

398 1164 479 1238 dem
506 1167 658 1240 cultores
682 1167 779 1265 apud
804 1167 909 1241 deum
939 1191 1085 1263 semper,
1113 1165 1338 1263 superinduti
1361 1164 1443 1236 sub-

398 1292 531 1365 stantia
553 1293 695 1389 propria
716 1293 951 1379 aetemitatis;
979 1291 1118 1389 profani
1135 1315 1217 1364 vero
1234 1302 1272 1362 et
1289 1290 1350 1386 qui
1368 1313 1439 1360 non

397 1417 531 1513 integri
568 1416 614 1489 ad
653 1416 759 1490 deum
770 1422 801 1502 ¹⁸,
841 1419 880 1489 iii
919 1442 1024 1513 poena
1060 1441 1159 1512 aeque
1192 1417 1291 1512 jugis
1335 1415 1441 1512 ignis,

396 1541 561 1615 habentis
591 1567 635 1615 ex
661 1544 737 1640 ipsa
763 1555 892 1616 natura
920 1547 1007 1639 ejus,
1041 1542 1163 1614 divina
1186 1541 1331 1623 scilicet,
1359 1540 1441 1612 sub-

394 1667 695 1740 ministrationem
739 1667 1098 1765 incorruptibilitatis.
1169 1666 1359 1739 Noverunt
1401 1676 1439 1738 et

394 1789 596 1889 philosophi
614 1793 858 1866 diversitatem
878 1793 996 1865 arcani
1014 1803 1052 1865 et
1073 1791 1207 1889 publici
1226 1792 1331 1889 ignis.
1378 1790 1439 1862 Ita

393 1917 500 2016 longe
527 1919 620 1992 alius
645 1921 786 2016 estqui
811 1920 892 1992 usui
914 1917 1081 2004 humano,
1106 1918 1197 1992 alius
1220 1919 1282 2014 qui
1300 1917 1437 2012 judicio

393 2043 451 2116 dei
477 2057 634 2142 apparet,
664 2047 737 2119 sive
769 2046 814 2119 de
844 2045 930 2118 coelo
965 2044 1118 2117 fulmina
1149 2045 1337 2140 stringens,
1362 2044 1437 2116 sive

392 2169 436 2242 de
458 2182 553 2243 terra
572 2197 634 2268 per
653 2171 801 2243 vertices
821 2170 996 2242 montium
1019 2179 1204 2254 eructans3
1243 2193 1314 2240 non
1341 2170 1436 2240 enim

390 2296 557 2380 absumit,
596 2295 691 2392 quod
732 2296 862 2380 exurit,
899 2294 961 2366 sed
996 2294 1082 2366 dum
1119 2303 1251 2390 erogat,
1285 2304 1436 2389 reparat.

391 2418 498 2492 Adeo
524 2431 671 2492 manent
690 2431 829 2492 montes
852 2444 988 2516 semper
1014 2419 1217 2502 ardentes¹⁹‚
1241 2429 1278 2490 et
1304 2419 1366 2514 qui
1390 2418 1435 2491 de

389 2543 476 2615 coelo
497 2545 671 2641 tangitur,
704 2544 820 2616 salvus
847 2554 912 2627 est,
943 2556 985 2617 ut
1013 2543 1114 2616 nullo
1135 2547 1211 2640 jam
1238 2544 1314 2639 igni
1338 2543 1433 2616 deci-

388 2678 557 2740 nerescat.
611 2666 664 2739 Et
694 2667 760 2740 hoc
795 2669 862 2741 erit
892 2668 1137 2741 testimonium
1170 2669 1263 2765 ignis
1297 2669 1432 2754 aeterni,

387 2789 454 2864 hoc
489 2792 691 2890 exemplum
725 2794 824 2890 jugis
859 2793 989 2888 judicii
1002 2851 1013 2872 ,
1026 2819 1166 2889 poenam
1206 2795 1430 2867 nutrientis:

385 2928 523 2990 montes
550 2929 703 2990 uruntur
737 2928 774 2989 et
799 2917 942 2990 durant.
991 2918 1089 3002 Quid
1117 2930 1283 2992 nocentes
1310 2929 1346 2992 et
1370 2918 1429 2991 dei.

386 3041 533 3116 hostes?

226 3154 281 3202 You
292 3155 335 3203 bo·

223 3214 356 3262 „omem
454 3166 615 3240 XLIX.
667 3166 761 3242 Haec
794 3179 890 3254 sunt,
921 3195 999 3264 quae
1027 3171 1064 3240 iii
1096 3171 1197 3242 nobis
1230 3169 1313 3242 solis
1344 3196 1431 3268 prse-

223 3273 358 3331 andperse·

221 3341 324 3390 eureus,
385 3295 605 3390 sumptiones
628 3308 808 3380 vocantur,
832 3297 869 3368 in
894 3293 1113 3392 philosophis
1137 3308 1173 3369 et
1196 3299 1310 3392 poetis
1336 3323 1428 3370 sum·

224 3391 424 3448 wheieosin„
519 3420 603 3435 ··
743 3421 937 3435 ...·
1041 3422 1047 3435 .
1189 3422 1195 3436 .

222 3441 451 3506 memma
480 3432 637 3492 scientiae
670 3432 706 3492 et
740 3445 896 3516 insigma
928 3445 1082 3517 ingenia.
1136 3419 1199 3492 llli
1225 3423 1428 3516 prudentes
1497 3460 1499 3464 ·

221 3508 343 3556 canhave
487 3545 699 3561 ....
921 3547 929 3561 .
1071 3547 1127 3561 ..
1231 3549 1293 3562 ..

221 3567 371 3616 deservedno
385 3567 449 3614 nos
485 3557 612 3642 inepti,
646 3545 702 3620 illi
737 3544 943 3630 honorandi,
976 3571 1040 3618 nos
1070 3546 1253 3630 irridendi,
1282 3573 1355 3620 imo
1387 3573 1428 3620 eo

433 3815 454 3845 ¹⁸
471 3821 565 3886 intepet
575 3822 610 3874 ud
620 3823 718 3881 deum;
737 3822 755 3874 i.
766 3838 789 3873 e.
801 3822 879 3888 uptid,
929 3826 1005 3886 stent,
1017 3829 1065 3875 aut
1079 3823 1145 3876 idem
1160 3824 1208 3876 sibi
1218 3824 1250 3874 de
1262 3824 1305 3874 dte
1317 3831 1429 3889 sperent.

381 3920 413 3956 as
432 3902 507 3958 often
529 3905 558 3957 in
581 3906 677 3958 earlier
700 3906 812 3958 writers.
853 3905 879 3957 S.
928 3908 1075 3961 Dissiliunt
1114 3909 1290 3974 superbissimi
1327 3916 1428 3962 mamm

381 3989 448 4044 an.
463 3990 481 4043 i.
498 3992 523 4043 6.
536 3999 712 4045 eruutuutem
728 3994 800 4045 ambo
809 3995 878 4058 justi
928 3995 998 4059 iprum
1026 3995 1184 4048 intrinsecus
1205 3994 1278 4060 fetu,
1307 4002 1332 4048 et
1361 3996 1430 4062 quod

379 4083 442 4130 anta
452 4077 549 4130 Deum.
928 4081 1000 4132 uobis
1009 4081 1107 4146 judicii
1118 4082 1314 4146 perpetuitatem
1326 4082 1427 4146 probat,

431 4159 451 4190 ¹⁹
468 4161 700 4220 dePoenit.c.12.
723 4163 796 4224 Quid
805 4165 878 4217 illum
928 4181 987 4217 oum
1016 4167 1154 4228 dissiliunt,
1178 4182 1238 4217 oum
1260 4166 1427 4231 devorentur,

379 4251 530 4302 threnorum
557 4251 626 4316 ipuis
649 4252 742 4301 ceterui'
766 4253 878 4303 metimu-
927 4266 1063 4317 uunquam
1081 4255 1167 4302 tumen
1178 4249 1325 4316 finiuntur.
1365 4248 1427 4302 The

378 4351 438 4387 mus
456 4351 516 4386 cum
523 4335 672 4402 fumariola
689 4336 806 4400 quaedom
822 4339 878 4404 ejus
927 4336 1001 4388 word
1019 4351 1122 4402 empore
1136 4333 1185 4388 has
1200 4334 1268 4388 boen
1283 4335 1427 4404 explained

378 4421 441 4472 talea
448 4421 619 4486 flammarum
632 4423 700 4473 ictus
710 4423 835 4476 ausuum
847 4430 878 4476 ut
927 4421 955 4472 in
967 4438 993 4488 p.
1006 4422 1064 4473 146.

374 4507 502 4570 prouimae
516 4507 590 4558 urbes
605 4513 652 4558 aut
664 4509 723 4572 jum
740 4508 819 4560 uulloe
833 4525 877 4559 eu-
