3306 5176
418 353 464 420 44
805 369 1070 422 incrusurum

291 567 369 673 quq’
416 550 561 648 dignius
578 552 664 625 istos
687 551 770 626 deos
789 551 852 626 ille
872 553 1098 628 assumendos
1118 562 1349 650 expectasset,
1368 577 1454 650 pra-

258 660 403 724 ——2-
417 677 508 748 scius
544 677 669 773 utique
706 673 943 774 potiorum¹⁵?
993 676 1213 776 Properavit,
1244 678 1380 774 opinor,
1416 689 1454 751 et

416 800 542 874 coelum
579 801 687 874 semel
725 801 842 887 clusit,
878 813 915 876 et
954 827 1049 876 nunc
1084 802 1210 900 utique
1248 801 1454 876 melioribus

416 926 511 1023 apud
533 926 663 1000 inferos
688 928 959 1002 mussitantibus
985 928 1197 1002 erubescit¹⁶.

251 1076 403 1195 dmiss‘iilssl‘.
491 1050 591 1125 XII.
643 1052 748 1126 Cesso
766 1055 841 1148 jam
864 1052 909 1126 de
932 1054 1022 1138 istis,
1045 1064 1087 1128 ut
1113 1054 1174 1150 qui
1200 1054 1305 1126 sciam
1329 1076 1388 1125 me
1408 1077 1453 1125 ex

252 1195 402 1303 qchqprp-
415 1201 491 1273 ipsa
514 1178 664 1250 veritate
684 1176 1008 1250 demonstraturum
1030 1177 1117 1275 quid
1137 1202 1208 1249 non
1234 1177 1318 1262 sint,
1342 1201 1450 1275 quum

252 1311 386 1432 {fflflnjssiffl
415 1300 598 1374 ostendero
619 1301 704 1398 quid
725 1301 807 1374 sint.
859 1300 1048 1386 Quantum
1070 1303 1182 1400 igitur
1203 1302 1263 1376 de²
1290 1301 1358 1375 diis
1378 1327 1452 1374 ves-

251 1431 386 1540 ffijrrffl
415 1427 490 1510 tris,
513 1427 657 1500 nomina
683 1425 900 1498 solummodo
921 1425 1024 1499 video
1048 1426 1266 1523 quorundam
1291 1436 1450 1500 veterum

414 1562 632 1647 mortuorum
663 1562 699 1624 et
729 1549 866 1623 fabulas
899 1550 1018 1632 audio,
1052 1561 1088 1624 et
1120 1576 1216 1624 sacra
1246 1550 1290 1624 de
1321 1548 1450 1624 fabulis

413 1701 641 1775 recognosco;
681 1685 852 1773 quantum
888 1685 1006 1748 autem
1045 1674 1090 1748 de
1122 1674 1319 1748 simulacris
1352 1676 1449 1772 ipsis,

414 1801 504 1874 nihil
527 1801 625 1874 aliud
642 1798 877 1898 deprehendo,
900 1825 1006 1898 quam
1023 1801 1189 1872 materias
1207 1804 1354 1874 sorores²
1376 1825 1450 1873 esse

412 1926 631 2000 vasculorum
649 1927 1037 2023 instrumentorumque
1057 1925 1310 2010 communium,
1328 1924 1384 1998 vel
1405 1949 1449 1997 ex

411 2053 538 2126 iisdem
559 2051 709 2126 vasculis
734 2065 770 2124 et
796 2052 1045 2125 instrumentis
1072 2050 1172 2148 quasi
1195 2048 1308 2124 fatum
1332 2074 1450 2124 conse-

412 2180 567 2254 cratione
593 2190 785 2264 mutantes,
811 2179 956 2253 licentia
989 2178 1076 2251 artis
1101 2178 1388 2274 transfigurante,
1412 2187 1449 2250 et
1509 2195 1513 2204 '

411 2305 553 2400 quidem
577 2305 897 2379 contumeliossime
918 2313 955 2377 et
980 2304 1018 2376 in
1044 2305 1121 2401 ipso
1141 2328 1245 2400 opere
1269 2303 1447 2402 sacrilege,

409 2439 452 2501 ut
486 2455 604 2503 revera
636 2431 737 2502 nobis
769 2431 933 2513 maxime,
972 2428 1033 2524 qui
1065 2439 1208 2525 propter
1240 2427 1323 2502 deos
1355 2430 1448 2527 ipsos

409 2553 610 2649 plectimur,
650 2553 816 2627 solatium
856 2576 1039 2651 poenarum
1078 2577 1152 2626 esse
1191 2553 1313 2649 possit,
1354 2553 1449 2651 quod

409 2677 530 2750 eadem
561 2690 598 2750 et
628 2679 696 2775 ipsi
730 2679 929 2776 patiuntur,
962 2688 1005 2749 ut
1036 2677 1151 2750 fiaut³.
1205 2678 1377 2752 Crucibus
1411 2690 1448 2754 et

408 2803 592 2900 stipitibus
617 2804 802 2900 imponitis
828 2800 1073 2875 Christianos:
1102 2803 1196 2900 quod
1220 2804 1446 2878 simulacrum

407 2923 476 3001 non
505 2929 602 3026 prius
628 2927 754 3026 argilla
780 2926 953 3000 deformat
979 2927 1072 2999 cruci
1107 2939 1144 3000 et
1178 2929 1295 3026 stipiti
1326 2954 1446 3026 super-

456 3223 476 3254 ¹⁵
494 3221 604 3276 “With
631 3221 693 3275 how
716 3219 799 3276 much
827 3237 902 3273 more
1002 3219 1070 3273 XII.
1111 3218 1120 3248 ¹
1147 3222 1283 3284 Quantum
1312 3225 1394 3292 r’pttm
1416 3226 1447 3277 de

404 3310 543 3379 propriety
570 3307 660 3362 would
689 3306 725 3360 he
749 3304 810 3376 (the
839 3307 902 3359 deus
951 3308 1014 3360 Diis
1016 3345 1127 3358 ...........
1141 3314 1269 3376 quantum
1291 3311 1322 3362 de
1339 3311 1447 3362 simulo-

404 3395 522 3466 dssfious)
545 3395 614 3450 have
637 3392 734 3449 waited
760 3392 802 3446 for
826 3391 902 3445 these
950 3396 1020 3452 orts,·
1050 3409 1173 3462 compare
1196 3411 1219 3448 c.
1242 3397 1284 3447 10.
1310 3393 1342 3447 St
1364 3412 1447 3464 quarr-

405 3500 467 3535 men
489 3489 518 3536 to
546 3482 579 3536 he
602 3479 687 3536 called
713 3497 752 3548 up
774 3479 831 3532 into
854 3475 901 3530 the
950 3486 1008 3533 tum
1020 3481 1106 3532 literoe
1108 3517 1198 3529 .........
1202 3483 1226 3533 si
1248 3487 1375 3548 quantum
1401 3499 1446 3534 or-

404 3568 486 3622 ranlrs
504 3567 536 3622 of
555 3566 602 3621 the
620 3565 694 3636 gods,
713 3563 855 3632 especially
872 3579 902 3615 as
947 3572 1078 3632 osmonte.
1089 3565 1188 3620 alittla
1201 3566 1356 3621 afterwards
1369 3584 1446 3624 soora

403 3652 438 3707 he
457 3659 531 3707 must
553 3652 623 3707 have
645 3649 804 3705 forekuown
823 3648 899 3703 these
948 3651 979 3704 ds
982 3651 1085 3717 sabulis
1095 3649 1193 3705 should
1205 3651 1238 3704 be
1250 3651 1334 3707 taken
1345 3651 1446 3722 closely

402 3756 477 3792 mors
494 3738 649 3793 favourable
666 3734 841 3792 characters.''
946 3736 1168 3805 together‘rites,
1177 3737 1268 3792 whose
1274 3738 1370 3793 details
1376 3738 1445 3794 have

456 3822 476 3854 ¹⁶
496 3828 628 3880 crubescit.
663 3823 710 3877 See
729 3823 763 3875 ad
781 3839 804 3876 o.
822 3822 847 3874 9.
883 3819 896 3872 I
948 3821 1020 3876 their
1031 3823 1118 3893 origin
1129 3824 1159 3878 in
1169 3823 1245 3878 these
1255 3823 1366 3892 myths.'

401 3909 482 3964 think
505 3912 704 3964 mussitantibus
730 3909 753 3961 is
775 3905 823 3960 the
844 3905 897 3960 abl.
996 3905 1271 3971 ’mmcriossororm
1284 3911 1375 3964 “twin
1383 3911 1446 3964 sub·

400 3995 549 4061 abshere3
567 3995 603 4049 its
619 3995 746 4064 meaning
759 3994 791 4058 is,
807 3996 897 4046 ‘mur
946 3995 1073 4050 stances.”
1107 3994 1152 4049 On
1172 3995 1220 4050 the
1239 4003 1383 4066 argument
1401 4014 1445 4051 sec

400 4083 510 4151 muring
524 4080 593 4135 with
611 4080 777 4150 indignation
784 4078 802 4145 ;'
826 4096 855 4132 so
871 4079 896 4134 S.
948 4081 1016 4136 Min.
1028 4082 1084 4136 Fal.
1096 4099 1119 4135 c.
1134 4081 1158 4141 7.
1170 4083 1223 4136 and
1238 4099 1363 4152 compare
1378 4082 1445 4136 Juv.

401 4169 520 4239 Cypriam
531 4167 564 4222 de
583 4167 664 4221 Mort.
675 4185 698 4221 c.
714 4169 739 4220 2.
757 4183 810 4220 noa
824 4183 895 4219 naas·
945 4185 973 4222 x.
987 4171 1030 4223 61.
1044 4184 1101 4236 sqq.

399 4258 518 4311 sitarcia
529 4255 650 4308 adversis
674 4269 792 4307 mussare
802 4269 895 4306 occurs
995 4251 1006 4283 ⁸
1020 4261 1052 4307 at
1062 4253 1156 4322 staats
1175 4255 1229 4308 “in
1242 4254 1320 4308 order
1333 4260 1362 4310 to
1373 4254 1445 4308 their

398 4337 893 4411 inVirgi13semclolastt,“hefinslly‚
943 4337 1443 4409 creation.''crucr'basetsttpttthus,&c.

398 4429 451 4484 and
480 4445 545 4482 once
575 4425 617 4480 for
647 4424 693 4490 all,
725 4423 812 4479 closed
847 4424 893 4480 the
942 4424 1052 4480 sesthis
1062 4425 1174 4494 parallel
1185 4425 1287 4481 carried
1296 4432 1388 4494 out‚c.
1402 4429 1442 4480 16.

397 4521 522 4570 entrance
535 4521 562 4568 to
574 4510 700 4567 heaven.”
942 4511 984 4564 lor
994 4513 1128 4566 dedicatur
1141 4530 1184 4566 see
1196 4513 1230 4568 ad
1242 4531 1264 4566 c.
1277 4515 1302 4566 t.
