3306 5176
396 336 443 408 36
775 355 1041 406 ruarunursur

271 547 346 664 olipa
394 545 616 620 concurrunt,
648 545 690 609 ut
723 536 785 632 qui
817 560 885 608 nou
923 535 1045 608 vident
1072 559 1148 632 quaa
1180 543 1275 618 sunt,
1310 531 1428 605 videre

242 659 580 734 *videantur
601 685 678 757 quae
696 685 767 733 non
788 671 882 734 sunt.
935 659 994 734 Sic
1011 685 1073 758 per
1093 659 1212 732 omnia
1234 655 1426 731 ostendam.

394 787 502 859 Nunc
529 785 573 860 de
600 785 901 859 manifestioribus
926 785 1052 859 dicam.

233 907 383 1019 mgr
463 911 516 984 X.
564 911 675 998 Deos,
700 913 861 1010 inquitis,
884 936 955 986 non
982 911 1106 996 colitis,
1131 923 1167 984 et
1192 935 1254 1006 pro
1279 909 1428 1005 impera-

232 1026 335 1146 ξξξξξῖξ
344 1039 369 1078 ‘⁰
393 1039 526 1113 toribus
541 1039 708 1112 sacrificia
724 1062 794 1111 non
812 1037 1029 1135 impenditis.
1065 1036 1232 1133 Sequitur
1247 1045 1289 1107 ut
1304 1031 1427 1107 eadem

234 1143 361 1254 iiiiii}
393 1165 529 1238 ratione
559 1189 622 1261 pro
652 1163 731 1236 aliis
764 1188 835 1236 non
867 1163 1109 1247 sacrificemus,
1139 1161 1235 1258 quia¹
1268 1184 1335 1232 nec
1366 1182 1428 1254 pro

233 1261 367 1381 iffdil‘ssf'
393 1289 611 1386 nobisipsis,
635 1287 743 1362 semel
763 1286 845 1360 deos
868 1311 939 1359 non
963 1285 1117 1360 colendo.
1170 1284 1298 1380 Itaque
1323 1283 1427 1356 sacri·

193 1449 194 1452 ¹
235 1379 342 1498 ansuloilt
392 1414 478 1513 legii
506 1426 542 1488 et
572 1414 769 1511 majestatis
801 1413 852 1486 rei
878 1412 1131 1486 convenimur².
1183 1409 1330 1484 Summa
1354 1406 1428 1480 haec

234 1499 291 1616 illi
297 1515 382 1607 idid
393 1566 523 1627 caussa,
557 1541 629 1614 imo
654 1551 732 1614 tota
754 1550 819 1626 est,
846 1549 884 1613 et
908 1540 1033 1636 utique
1060 1537 1170 1635 digna
1198 1535 1369 1633 cognosci,
1398 1533 1427 1606 Si

232 1631 364 1726 illim
392 1691 463 1738 nou
484 1665 726 1762 praesumptio³
754 1678 817 1737 aut
839 1664 1010 1760 iniquitas
1028 1661 1177 1758 judicet,
1215 1659 1326 1732 altera
1350 1683 1428 1755 quae

392 1789 565 1888 desperat,
589 1789 700 1864 altera
725 1815 802 1887 quae
821 1799 959 1863 recusat
984 1789 1181 1862 veritatem.
1229 1785 1330 1858 Deos
1352 1811 1428 1858 ves-

392 1928 464 1989 tros
489 1915 599 1988 colere
617 1914 823 2000 desinimus,
842 1940 887 1987 ex
910 1939 980 2011 quo
1000 1913 1080 1986 illos
1101 1937 1172 1986 non
1194 1937 1268 1984 esse
1286 1935 1428 2008 cognos-

393 2041 515 2114 cimus.
574 2039 656 2113 Hoc
680 2038 793 2138 igitur
818 2041 959 2135 exigere
984 2039 1131 2123 debetis,
1159 2039 1214 2110 uti
1242 2037 1428 2134 probemus

393 2190 463 2238 nou
496 2190 570 2239 esse
599 2164 679 2237 illos
714 2163 807 2247 deos,
835 2175 872 2238 et
901 2165 1023 2236 iccirco
1052 2188 1122 2236 non
1148 2162 1320 2246 colendos,
1346 2162 1430 2258 quia

393 2301 480 2364 tuuc
497 2291 637 2363 demum
663 2286 730 2362 coli
749 2289 966 2374 debuissent,
989 2289 1018 2360 si
1038 2288 1089 2360 dii
1112 2287 1273 2361 fuissent.
1324 2283 1429 2358 Tunc

394 2427 430 2490 et
456 2415 653 2490 Christiani
679 2415 860 2514 puniendi,
888 2416 917 2488 si
946 2440 1032 2512 quos
1057 2440 1128 2488 non
1154 2414 1319 2497 colerent,
1346 2414 1430 2510 quia

394 2533 561 2640 putarent
586 2567 657 2614 nou
681 2567 765 2626 esse,
801 2551 975 2614 constaret
1000 2539 1079 2612 illos
1109 2539 1191 2612 deos
1227 2564 1311 2611 esse.
1354 2537 1428 2610 Sed

395 2667 496 2740 uobis
529 2667 688 2762 inquitis,
719 2665 770 2738 dii
801 2677 895 2738 sunt.
944 2665 1177 2762 Appellamus
1209 2676 1245 2737 et
1267 2689 1430 2760 provoca-

395 2816 474 2894 mus
492 2817 513 2863 a
531 2791 628 2862 vobis
652 2790 737 2887 ipsis
760 2789 806 2863 ad
829 2791 1077 2863 conscientiam
1097 2802 1260 2876 vestram,
1282 2789 1344 2862 illa
1365 2815 1429 2862 nos

391 2914 540 3012 judicet,
563 2913 625 2986 illa
642 2939 705 2986 nos
723 2913 943 2998 condemnet,
968 2914 997 2987 si
1015 2913 1147 3011 poterit
1163 2939 1292 3012 negare
1309 2939 1429 2987 omnes

396 3041 481 3112 istos
506 3039 588 3112 deos
610 3053 742 3112 vestros
770 3037 930 3111 homiues
955 3038 1074 3112 fuisse.
1121 3039 1191 3112 Sed
1215 3040 1350 3137 etipsa
1374 3041 1429 3111 in-

396 3167 491 3240 ficias
525 3166 554 3238 si
585 3165 678 3250 ierit,
708 3164 752 3237 de
788 3165 860 3236 suis
895 3165 1148 3260 antiquitatum
1183 3164 1429 3238 instrumentis

397 3407 487 3461 would
497 3406 566 3460 have
576 3407 656 3476 given
662 3423 718 3476 you
726 3405 792 3461 both
803 3405 889 3474 pisces
938 3404 989 3458 ved
999 3404 1117 3474 through
1132 3404 1179 3458 the
1190 3404 1261 3459 force
1273 3405 1304 3459 of
1319 3407 1430 3460 ‘accest-

395 3489 428 3544 of
435 3491 615 3546 information.
936 3489 991 3559 ing'
1009 3507 1040 3544 or
1058 3490 1243 3560 ‘addressing'
1266 3491 1356 3544 which
1371 3508 1430 3544 con-

447 3577 482 3630 X.
505 3575 592 3645 ¹·qaic
597 3593 611 3638 ,·
629 3575 747 3645 possibly
758 3593 818 3644 qua,
827 3592 888 3644 says
936 3579 1008 3630 venio
1026 3576 1180 3644 repeatedly
1193 3576 1248 3630 has.
1284 3575 1317 3630 So
1334 3595 1356 3631 c.
1376 3579 1429 3642 283

396 3662 438 3716 Dr
455 3660 569 3728 Ashton,
587 3662 640 3716 aud
659 3663 682 3716 it
701 3663 725 3716 is
742 3679 759 3715 a
780 3661 888 3716 remark
936 3679 976 3715 me
986 3665 1119 3716 conueniat
1130 3661 1215 3716 Jonas
1226 3666 1313 3717 iratus
1329 3681 1362 3717 aa
1378 3681 1430 3732 quo

395 3746 484 3801 which
495 3747 705 3817 verynsturally
714 3765 806 3802 occurs
812 3765 821 3812 ;
839 3747 888 3800 bnt
938 3749 996 3800 oeltt
1014 3748 1114 3814 fratte,
1131 3765 1154 3802 c.
1171 3750 1214 3802 35.
1242 3753 1362 3804 conomio
1376 3767 1430 3817 sep-

395 3836 458 3902 qulo
475 3833 498 3887 is
517 3833 583 3886 used
600 3833 630 3886 in
649 3850 666 3887 a
683 3849 750 3902 very
769 3831 889 3902 singular
937 3839 986 3887 tem
998 3835 1099 3887 collium
1107 3837 1208 3902 plebem.
1233 3833 1376 3890 AdNat.1.
1387 3834 1428 3894 17.

395 3935 471 3975 sense
493 3919 654 3984 sometimes,
674 3917 763 3972 which
787 3918 802 3971 Ι
821 3923 888 3987 'may
936 3923 1060 3974 multatis
1070 3923 1369 3988 aomibpioconoeniom.

396 4001 540 4058 elsewhere
559 4003 699 4060 illustrate.
986 4001 1178 4072 3praesumptio
1214 4025 1272 4075 quaa
1306 4011 1429 4076 docyaernt.

447 4093 457 4126 ²
473 4092 638 4144 wnoeatmur
646 4107 660 4152 ,¹
680 4093 697 4119 “
708 4107 749 4144 we
763 4107 808 4144 are
826 4107 888 4144 cou-
936 4089 1009 4144 That
1016 4090 1151 4160 prejudicc
1158 4091 1247 4146 which
1254 4093 1429 4148 assumesthe

396 4175 787 4246 vened,summoued,charged
795 4177 886 4232 with.''
914 4176 1272 4245 inaccessibilityoftruth.
1300 4179 1429 4234 Thiowas

392 4263 444 4318 'See
461 4279 483 4316 c.
501 4262 544 4315 31.
580 4262 721 4318 Convenae
742 4263 886 4333 isalegal
935 4263 982 4316 the
1002 4262 1064 4316 well
1082 4261 1182 4318 known
1202 4264 1430 4336 Academicpriu·

394 4354 473 4414 term,
496 4345 563 4401 such
586 4364 616 4402 as
638 4347 790 4403 Tertullian
812 4349 886 4404 often
935 4347 1013 4416 ciple,
1027 4347 1079 4400 and
1094 4348 1188 4403 isthat
1199 4367 1234 4404 on
1245 4351 1335 4406 which
1347 4353 1429 4406 Caci·

394 4433 524 4503 employs.
543 4431 579 4487 ‘lt
589 4447 681 4488 occurs
691 4433 886 4505 frequentlyin
934 4433 1429 4510 liusgroundshisargumentsagaiust

394 4518 441 4576 the
449 4519 623 4588 Digests,and
631 4519 806 4591 wasperlrnps
817 4522 886 4577 deri·
935 4517 1113 4589 Christianity
1123 4521 1152 4575 in
1165 4521 1232 4576 Min.
1246 4521 1303 4578 Fal.
1314 4542 1336 4578 c.
1350 4527 1373 4579 1.
