3300 5180
420 327 491 397 lua
805 341 1073 394 ssssonuuuw

269 541 393 649 xffik·
417 549 490 598 suae
516 525 620 598 fiunt.
672 522 745 597 Sed
778 523 951 620 ejusmodi
985 521 1042 596 vel
1070 523 1226 595 maxime
1258 519 1460 594 dilectionis

258 686 406 704 .-....
419 649 575 746 operatio
591 657 711 722 uotum
730 648 832 720 nobis
847 647 990 722 inurit¹⁰
1001 671 1110 746 penes
1127 645 1307 744 quosdam.
1349 643 1458 730 Vide,

418 773 599 870 inquiunt,
623 783 665 846 ut
681 773 831 846 invicem
851 797 888 846 se
903 771 1080 869 diligant:
1106 771 1176 870 ipsi
1195 772 1289 846 enim
1306 771 1457 845 invicem

418 897 590 984 oderunt;
615 908 653 973 et
671 911 714 972 ut
736 923 800 996 pro
822 897 994 972 alterutro
1012 901 1103 972 mori
1127 898 1200 972 sint
1226 898 1363 995 parati:
1389 897 1458 995 ipsi

418 1027 513 1100 enim
543 1025 588 1099 ad
616 1023 846 1100 occidendum
877 1023 1089 1098 alterutrum
1118 1023 1311 1122 paratiores
1340 1033 1457 1096 eruut.

416 1151 492 1226 Sed
520 1164 558 1226 et
583 1149 677 1248 quod
702 1149 851 1224 fratrum
875 1148 1139 1246 appellatione¹¹
1168 1171 1362 1234 censemur,
1385 1169 1456 1220 non

414 1274 514 1363 olias,
549 1277 685 1375 opinor,
723 1274 913 1359 infamant,
950 1299 1056 1372 quam
1093 1272 1187 1372 quod
1230 1272 1326 1371 apud
1362 1274 1456 1371 ipsos

414 1427 538 1477 omnes
564 1401 747 1498 sanguinis
773 1424 903 1473 nomen
930 1398 975 1472 de
1000 1399 1226 1473 affectatione
1247 1393 1455 1472 simulatum

416 1538 482 1602 est.
537 1527 680 1602 Fratres
707 1503 831 1600 autem
853 1525 962 1600 etiam
988 1525 1097 1599 vestri
1122 1549 1255 1606 sumus,
1282 1517 1365 1620 jure
1395 1547 1457 1596 na·

339 1725 343 1734 ,
415 1664 505 1727 turoe
534 1651 659 1725 matris
684 1651 802 1738 unius,
836 1651 904 1725 etsi
929 1675 989 1723 ros
1011 1675 1138 1748 pamm
1168 1646 1340 1735 homines,
1371 1649 1458 1746 quia

414 1775 503 1850 moli
521 1774 658 1850 fratres.
703 1776 758 1849 At
778 1785 912 1872 quanto
928 1775 1073 1873 dignius
1090 1772 1216 1848 fratres
1232 1785 1270 1848 et
1286 1773 1457 1848 dicuutur

412 1911 453 1976 et
475 1899 663 1986 habentur,
693 1901 754 1998 qui
781 1923 891 1974 unum
921 1910 1058 1998 patrem
1085 1899 1191 1973 deum
1222 1907 1455 1996 agnoverunt,

413 2026 479 2123 qui
512 2049 623 2098 unum
659 2025 822 2122 spiritum
858 2025 1025 2098 biberunt
1059 2024 1271 2109 sanctitatis,
1307 2025 1371 2120 qui
1409 2023 1456 2098 de

413 2175 488 2224 uno
510 2161 612 2224 utero
632 2149 843 2248 ignorantiae
862 2147 1018 2245 eJ’usdem
1038 2149 1083 2222 ad
1107 2171 1214 2222 unam
1234 2148 1377 2222 lucem¹²
1394 2173 1455 2221 ex-

412 2285 590 2372 paverunt
606 2276 777 2349 veritatis.
829 2275 904 2348 Sed
927 2301 968 2348 eo
993 2273 1139 2348 fortasse
1164 2276 1282 2348 minus
1299 2270 1455 2373 legitimi

410 2614 484 2662 lator
500 2607 560 2662 that
578 2603 593 2662 I
611 2609 680 2664 heve
694 2626 757 2664 seen
772 2607 849 2663 takes
863 2607 910 2662 the
958 2610 1030 2661 liebri
1042 2625 1142 2676 pompe
1159 2615 1220 2662 coto
1237 2611 1328 2662 locuto
1342 2613 1386 2674 rit,
1402 2606 1455 2662 &c

409 2692 536 2762 slightest
546 2694 634 2749 notice
643 2693 676 2749 ol'
682 2695 713 2749 ic
724 2697 825 2748 alumni
836 2698 910 2748 insu-
959 2692 1115 2748 lactantius
1136 2688 1182 2764 (de
1199 2694 1239 2749 M.
1254 2691 1285 2748 P.
1307 2693 1348 2768 3.)
1377 2697 1456 2748 diam

411 2781 501 2834 hrum
511 2797 544 2834 ca
551 2775 605 2850 (or,
616 2795 646 2834 as
656 2779 811 2834 Tertullinus
819 2779 910 2834 would
958 2785 1059 2834 mortuo
1068 2784 1286 2836 uoluminum.
1303 2779 1349 2834 On
1357 2779 1404 2835 the
1415 2783 1457 2834 'ns-

411 2883 471 2936 say,
485 2866 529 2937 de)
541 2868 698 2935 consessione
711 2883 761 2919 suo
775 2865 864 2919 would
876 2865 909 2920 be
959 2865 1058 2919 sertion
1075 2865 1106 2920 of
1121 2866 1273 2921 Tertullian
1292 2885 1336 2921 see
1353 2867 1456 2922 Lucian

410 2951 521 3008 natural
543 2951 660 3022 enough,
686 2952 736 3006 but
758 2951 814 3006 this
835 2955 910 3005 must
959 2950 992 3004 de
1010 2950 1099 3006 Morte
1113 2951 1206 3023 Pereg.
1218 2971 1277 3007 vm.
1295 2970 1322 3021 p.
1334 2955 1394 3019 280,
1413 2953 1455 3008 ed.

411 3055 508 3096 mean:
528 3039 608 3093 “and
627 3044 656 3094 tc
675 3037 742 3093 such
759 3055 789 3093 as
810 3037 840 3092 in
862 3037 908 3091 the
958 3035 1066 3106 Bipont.
1091 3042 1201 3106 motio
1226 3039 1249 3092 is
1275 3038 1322 3092 the
1345 3040 1456 3109 putting

411 3126 499 3180 mines
513 3143 545 3180 or
562 3125 661 3180 ulands
676 3122 716 3194 (v.
727 3123 761 3179 ad
776 3141 800 3178 c.
813 3121 851 3196 1.)
863 3123 909 3178 be-
957 3123 1015 3178 into
1026 3124 1150 3192 practice.

411 3229 488 3266 come
503 3211 551 3266 tho
566 3211 702 3280 nurslings
713 3209 744 3264 o'f
758 3201 831 3264 their
847 3225 909 3264 con-
1008 3207 1028 3239 ¹¹
1045 3212 1090 3263 eod
1105 3218 1130 3265 et
1149 3211 1224 3278 quod,
1237 3210 1307 3277 διας
1325 3211 1372 3265 the
1391 3229 1456 3268 con·

411 3296 535 3364 fession,”
546 3314 578 3352 or
588 3299 607 3326 “
615 3296 698 3352 suffer
706 3295 772 3350 such
779 3295 910 3365 penalties
958 3294 1089 3348 struction
1099 3294 1151 3348 ond
1162 3295 1209 3349 the
1221 3313 1296 3350 sense
1306 3313 1353 3351 ure
1363 3314 1392 3351 as
1402 3297 1455 3352 fol·

411 3399 442 3437 ns
463 3382 535 3440 their
556 3381 705 3437 confession
723 3380 773 3436 bns
790 3381 909 3452 brought
957 3377 1039 3433 lowsc
1057 3383 1102 3435 rod
1113 3379 1378 3452 at(insuperetiam)
1389 3386 1458 3452 quod

411 3486 448 3524 on
461 3469 537 3524 them
544 3467 571 3535 ;''
588 3471 712 3538 confusio
727 3468 809 3537 being
825 3467 909 3524 taken
957 3462 1457 3538 comanorfmsramappcatnneffra

413 3550 483 3625 (like
494 3553 718 3624 consessoroften)
730 3555 759 3608 in
769 3554 817 3608 tho
827 3571 909 3623 peon·
956 3557 1066 3605 ternum
1073 3552 1198 3607 internos
1204 3552 1317 3627 nomen)
1325 3571 1378 3608 uon
1387 3557 1457 3610 ullor

411 3639 464 3694 liar
474 3656 549 3695 senso
559 3641 591 3695 of
602 3657 619 3695 a
633 3641 781 3695 confession
795 3639 827 3695 of
839 3639 908 3694 saith
957 3633 1089 3704 insumunt
1098 3635 1308 3708 (aggrediemur
1317 3639 1457 3696 nullanlin

411 3726 541 3794 persisted
562 3727 592 3780 in
612 3727 699 3780 under
717 3732 821 3781 torture
828 3743 838 3792 ς
861 3725 908 3780 the
958 3721 991 3774 de
1002 3721 1094 3794 cansa)
1106 3741 1184 3792 quam
1195 3727 1270 3793 quod,
1283 3722 1334 3780 &c

411 3810 478 3879 only
500 3811 578 3866 other
594 3812 708 3881 possible
728 3811 909 3868 construction
1008 3804 1030 3836 ¹¹
1045 3811 1081 3862 cd
1089 3827 1171 3862 unum
1182 3809 1331 3876 laomedon.
1355 3811 1369 3864 I
1385 3811 1455 3868 have

411 3895 503 3950 which
515 3895 530 3948 1
540 3912 592 3950 can
609 3915 653 3952 see
668 3898 693 3952 is
710 3911 779 3951 even
795 3893 909 3949 harshcr
956 3907 992 3947 uo
1002 3893 1063 3948 idea
1074 3893 1133 3949 that
1144 3893 1294 3950 Tertulliun
1305 3897 1328 3951 is
1339 3893 1404 3952 here
1415 3897 1456 3953 ul-

411 3982 548 4038 andmoro
556 3980 909 4051 inexplicablc,viz.tojoin
956 3977 1052 4050 luding
1073 3985 1101 4034 to
1124 3997 1180 4050 any
1200 3982 1347 4052 particular
1364 4001 1457 4038 occur.

411 4069 513 4123 alumni
528 4069 559 4120 tn
573 4069 676 4133 tumltu,
693 4065 744 4120 &c
763 4065 816 4119 aud
833 4065 908 4121 leave
956 4083 1053 4132 rence;
1070 4066 1118 4120 tho
1129 4068 1285 4136 expression
1298 4085 1330 4123 ec
1340 4077 1413 4124 utero
1424 4073 1456 4123 in

411 4155 578 4222 consessionis
599 4157 628 4206 to
651 4150 755 4220 depend
777 4168 813 4205 on
835 4169 908 4206 some
956 4154 1038 4206 lucam
1049 4153 1072 4206 is
1083 4151 1155 4206 clear
1167 4153 1275 4223 enough
1293 4153 1363 4224 (like
1371 4164 1455 4223 parto

411 4239 513 4309 ellipse.
525 4239 640 4292 mandra
648 4235 742 4291 isbere
748 4254 848 4298 curcum
858 4237 909 4292 but
956 4240 1119 4292 udlumtnlo
1129 4241 1207 4294 edidit
1213 4239 1318 4312 aurae),
1325 4240 1379 4295 and
1390 4257 1419 4295 so
1431 4242 1457 4296 is

411 4343 455 4380 seo
466 4343 494 4394 p.
504 4325 549 4378 34.
956 4322 1004 4376 the
1026 4322 1176 4392 metaphor,
1195 4320 1334 4396 (compare
1352 4326 1455 4382 Arnob.

463 4408 483 4442 ¹⁰
500 4417 589 4465 uotam
605 4411 677 4464 nobis
697 4413 799 4471 taurin
823 4427 852 4464 so
875 4409 908 4462 de
957 4426 994 4461 iv.
1011 4411 1052 4462 15.
1081 4413 1187 4466 creditis
1206 4429 1239 4470 ec
1257 4415 1365 4467 reninis
1376 4417 1455 4482 Jcctu

413 4495 484 4550 liab.
496 4495 567 4552 Mul.
577 4511 600 4550 c.
611 4499 637 4551 4.
661 4495 747 4550 Nullo
761 4507 835 4549 nuno
847 4511 908 4550 mu·
956 4498 1101 4563 ipuorotnm
1116 4499 1164 4550 albi
1181 4499 1217 4550 od
1230 4499 1311 4551 lucem
1328 4499 1456 4568 modiolis
