3306 5176
412 349 462 417 *26
802 369 1068 418 acarnaniam

285 565 361 674 pipp.
411 547 502 618 titur
524 553 732 641 perseveret,
756 553 793 616 et
812 543 952 618 tamdiu
971 545 1071 628 vivit,
1093 543 1263 640 quamdin
1285 568 1355 614 non
1374 559 1453 640 pro-

251 662 395 739 -,.’.-
409 673 482 746 hat.
536 669 718 766 Siquidem
744 669 806 742 ubi
833 670 1007 766 probavit,
1036 679 1147 742 cessat
1178 693 1263 753 esse,
1287 681 1325 741 et
1352 671 1453 765 quasi

410 797 523 872 officio
547 795 740 870 nuntiandi
764 794 898 880 functa,
923 821 996 870 rem
1024 794 1146 878 tradit,
1175 804 1211 866 et
1245 794 1373 867 exinde
1396 819 1451 866 res

409 933 563 1007 tenetur,
584 947 639 994 res
663 921 878 994 nominatur.
933 919 1011 995 Nec
1030 921 1215 1018 quisquam
1240 920 1329 992 dicit
1353 919 1451 994 verbi

408 1049 544 1146 gratia:
573 1049 653 1120 Hoc
679 1048 803 1120 Romae
829 1048 932 1120 aiunt
955 1045 1110 1120 factum:
1135 1057 1218 1122 aut:
1249 1043 1362 1118 Fama
1386 1055 1451 1128 est,

408 1174 511 1248 illum
538 1174 753 1272 provinciam
781 1173 970 1258 sortitum3
1000 1171 1082 1246 sed:
1126 1172 1280 1245 Sortitus
1311 1181 1365 1244 est
1390 1169 1452 1242 ille

408 1301 635 1397 provinciam,
670 1311 728 1372 et:
769 1299 850 1371 Hoc
880 1298 1013 1372 factum
1047 1309 1101 1372 est
1134 1296 1272 1372 Romae.
1325 1295 1451 1378 Fama,

407 1431 553 1499 nomen⁷
579 1427 716 1509 incerti,
743 1425 857 1498 locum
888 1450 958 1496 non
986 1423 1104 1506 habet,
1132 1425 1194 1496 ubi
1222 1434 1357 1496 certum
1387 1433 1450 1494 est.

409 1552 474 1624 An
496 1577 576 1624 vero
596 1551 698 1624 famae
717 1550 846 1635 credat,
865 1551 933 1622 nisi
953 1549 1261 1622 inconsideratus?
1297 1549 1373 1634 Qui
1397 1557 1451 1620 est

405 1679 557 1774 sapiens,
578 1702 648 1750 non
667 1677 780 1782 credit
794 1677 940 1748 incerto.
988 1674 1178 1748 Omnium8
1196 1686 1251 1748 est
1266 1675 1450 1757 aestimare,

409 1814 680 1901 quantacunque
712 1801 776 1874 illa
812 1802 1005 1874 ambitione
1038 1801 1170 1873 diffusa
1201 1801 1260 1884 sit,
1302 1810 1451 1895 quanta-

409 1952 546 2024 cunque
570 1926 824 1998 asseveratione
848 1936 1057 1999 constructa.
1105 1923 1214 2010 Quod
1235 1926 1279 1996 ab
1297 1949 1368 1996 uno
1387 1923 1451 1994 ali-

408 2052 549 2150 quando
572 2051 731 2148 principe
758 2031 880 2122 eriorta
907 2051 965 2134 sit,
993 2075 1133 2122 necesse
1163 2061 1217 2122 est
1249 2048 1378 2122 exinde
1411 2049 1448 2118 in

407 2179 569 2251 traduces
594 2176 796 2272 linguarum
822 2185 858 2248 et
884 2175 1022 2248 aurium
1050 2186 1175 2271 serpat.
1225 2171 1279 2246 Et
1303 2175 1355 2246 ita
1377 2199 1451 2244 mo-

408 2305 478 2376 dici
513 2303 657 2376 seminis
692 2302 821 2374 vitium
860 2317 975 2374 cetera
1010 2301 1159 2372 rumoris
1196 2301 1367 2382 obscurat,
1408 2312 1450 2372 nt

406 2452 511 2499 nemo
541 2426 739 2523 recogitet⁹,
770 2450 815 2496 ne
846 2422 1001 2520 primum
1032 2423 1124 2495 illud
1154 2449 1191 2495 os
1226 2422 1447 2496 mendacium

407 2550 644 2633 seminaverit,
663 2549 757 2644 quod
778 2573 867 2644 saepe
888 2548 930 2620 fit
952 2560 1015 2620 ant
1036 2549 1181 2646 ingenio
1201 2545 1448 2631 emulationis,

408 2685 471 2746 aut
495 2675 640 2746 arbitrio
664 2675 882 2771 suspicionis,
907 2685 1059 2746 autnon
1083 2699 1185 2760 nova,
1208 2674 1270 2746 sed
1289 2675 1450 2770 ingenita

408 2798 617 2896 quibusdam
635 2799 833 2871 mentiendi
847 2799 1040 2895 voluptate.
1089 2799 1188 2872 Bene
1206 2812 1337 2884 autem,
1356 2800 1449 2896 quod

407 2925 526 2996 omnia
556 2935 697 3022 tempus
730 2924 873 3008 revelat,
911 2926 1061 2998 testibus
1087 2927 1192 2999 etiam
1222 2926 1346 2998 vestris
1371 2951 1449 3022 pro-

406 3051 534 3123 verbiis
575 3062 681 3148 atque
722 3052 920 3136 sententiis,
956 3077 1001 3124 ex
1025 3050 1269 3149 dispositione
1302 3061 1449 3136 naturae,

407 3203 484 3274 quae
507 3178 561 3251 ita
583 3178 771 3262 ordinavit,
802 3189 844 3250 ut
867 3176 960 3250 nihil
985 3177 1048 3249 diu
1075 3177 1197 3262 lateat,
1222 3177 1330 3250 etiam
1356 3177 1450 3273 quod

406 3302 501 3376 fama
534 3327 605 3375 non
640 3303 821 3376 distulit¹⁰.
874 3301 1012 3375 Merito
1043 3303 1157 3400 igitur
1188 3302 1283 3375 fama
1309 3301 1448 3376 tamdiu

456 3573 577 3630 ⁷oomeo
602 3579 715 3634 incerti,·
742 3575 798 3630 this
822 3577 846 3629 is
875 3577 904 3628 in
952 3578 1019 3644 quod
1035 3593 1105 3644 carpe
1114 3577 1168 3644 fit;
1188 3574 1278 3628 which
1294 3591 1386 3629 occurs
1396 3575 1450 3629 fre·

405 3661 554 3728 apposition
565 3668 594 3715 to
606 3663 699 3714 Fama.
952 3662 1066 3732 quently
1085 3662 1171 3716 either
1190 3661 1260 3715 from
1281 3679 1316 3714 an
1337 3663 1449 3716 envious

457 3743 600 3800 flamniam
609 3765 622 3807 ;
647 3748 665 3800 i.
684 3765 706 3800 e.
722 3765 800 3814 penes·
818 3764 904 3814 puem-
951 3748 1115 3816 disposition,
1135 3765 1165 3801 or
1180 3747 1334 3816 arbitrarily
1349 3747 1450 3802 homa

405 3834 462 3885 tibet
474 3839 519 3884 eat.
537 3839 703 3892 constructa;
720 3837 750 3886 in
765 3835 847 3886 altum
860 3849 903 3885 err-
951 3834 1085 3901 suspicion
1103 3833 1135 3886 of
1151 3833 1197 3886 the
1219 3833 1282 3898 fact,
1303 3851 1334 3887 or
1353 3851 1370 3886 a
1388 3851 1449 3902 pre-

404 3922 514 3971 structo.
529 3921 901 3987 ahonooliqoandoprinctpc;
950 3919 1077 3974 dilection
1100 3920 1142 3972 for
1166 3919 1282 3974 abstract
1303 3918 1448 3984 falsehood,

405 4002 704 4072 “fromanoriginator
715 4003 776 4056 who
789 4007 818 4056 at
829 4019 902 4056 some
950 4012 999 4060 not
1013 4005 1102 4060 casual
1117 4006 1167 4059 but
1185 4005 1285 4058 innato.
1315 4009 1449 4074 inperitum

404 4089 498 4156 period
512 4087 543 4141 of
559 4087 606 4142 the
621 4089 755 4143 rumonr’s
769 4089 902 4142 existence
951 4093 1135 4156 oemuloticaia,
1146 4107 1270 4158 compare
1281 4090 1315 4143 ad
1327 4109 1349 4144 c.
1362 4093 1403 4144 15.

406 4173 570 4245 (aliquando)
589 4175 664 4228 stood
681 4175 759 4229 alone
778 4175 831 4228 and
848 4174 901 4228 sin-
1001 4175 1021 4206 ¹⁰
1032 4177 1217 4230 distulit—has
1229 4177 1323 4246 spread
1341 4177 1448 4230 abroad.

404 4260 472 4330 gle.''
951 4261 1448 4330 Theproverbsalludedtooccurfre-

455 4344 598 4416 ⁹rempttct
613 4348 696 4401 rae—i.
709 4366 731 4400 e.
742 4351 841 4402 nemini
855 4351 900 4402 hoc
949 4347 1073 4416 quently.
1100 4352 1228 4402 sententio
1246 4349 1269 4402 is
1287 4347 1353 4401 used
1371 4365 1400 4401 aa
1418 4349 1447 4401 in

404 4437 434 4486 ha
446 4439 553 4487 mentem
564 4436 642 4497 venit,
659 4436 775 4501 neforto,
788 4439 830 4503 850.
866 4433 899 4487 So
949 4433 1014 4487 Juv.
1033 4451 1092 4486 vui.
1112 4436 1169 4489 125.
1209 4436 1285 4497 Quod
1301 4437 1372 4488 modo
1387 4452 1447 4501 pro·

405 4539 426 4572 c.
439 4523 464 4574 2.
499 4521 564 4574 Non
576 4523 780 4588 resopitetr'r-ne
791 4524 899 4589 coperit.
946 4522 1023 4586 posui
1041 4537 1092 4572 non
1109 4527 1146 4573 eat
1164 4524 1298 4576 sententio.
