3306 5176
506 351 622 400 uranu
646 351 953 408 Arouocorlcus.
1193 339 1239 406 43

207 533 285 608 istae
318 543 411 606 notae
442 531 734 631 acceduntque
768 559 833 610 nec
864 535 946 610 deos
978 544 1100 631 postea
1132 529 1242 606 factos
1288 541 1365 648 cap.

206 659 302 732 credi
330 659 556 756 permittunt
616 657 655 732 Si
682 661 776 736 enim
805 659 936 738 talibus
965 685 1024 732 vos
1053 658 1397 756 puniendis-

206 782 468 878 praesidetis,
442 807 472 856 ar
496 784 755 869 commercium,
786 783 1012 882 colloquium,
1043 783 1242 856 convictum

206 907 378 980 malorum
401 917 438 981 ct
463 910 621 1006 turpium
645 910 745 1006 probi
766 910 898 1008 quique
916 909 1093 1006 respuitis,
1117 907 1243 982 horum
1275 921 1277 928 ’

208 1043 328 1106 autem
353 1057 454 1129 pares
476 1032 563 1107 deus
587 1032 649 1108 ille
676 1035 871 1129 majestatis
897 1057 966 1108 auae
993 1034 1165 1106 consortio
1191 1059 1244 1107 as-

208 1159 305 1244 civit,
332 1158 419 1255 quid
445 1183 526 1256 ergo
552 1158 741 1244 damnatis,
770 1185 918 1260 quorum
948 1157 1098 1257 collegas
1124 1159 1245 1234 adcre-

206 1285 280 1358 tis?
306 1283 522 1381 Suggillatio
535 1295 589 1358 est
605 1286 644 1357 in
662 1285 788 1360 coelum
807 1297 922 1362 vestra
932 1286 1111 1381 justitia¹².
1143 1283 1244 1360 Deos

207 1408 314 1482 facite
356 1409 658 1482 criminosissimos
692 1435 860 1508 quosque,
893 1423 935 1484 ut
969 1410 1137 1507 placeatis
1174 1409 1244 1484 diis

208 1533 342 1606 vestris.
375 1531 526 1606 Illorum
544 1544 598 1606 est
615 1531 726 1606 honor
746 1535 959 1608 consecratio
976 1534 1242 1631 coaequalium¹³.

209 1657 280 1731 Sed
316 1669 357 1732 ut
396 1659 561 1732 omittam
594 1655 702 1754 hujus
742 1658 969 1757 indignitatis
1001 1670 1243 1744 retractatum,

205 1787 305 1883 probi
332 1797 369 1860 et
391 1786 523 1883 integri
545 1797 582 1858 et
608 1787 693 1861 boni
719 1786 865 1860 fuerint.
912 1787 1013 1872 Quot
1040 1799 1161 1860 tamen
1183 1811 1245 1884 po-

206 1911 313 1982 tiores
343 1911 435 1983 viros
464 1908 561 2006 apud
592 1909 722 1986 inferos
747 1911 975 2008 reliquistis?
1011 1912 1166 2009 aliquem
1199 1911 1245 1986 de

199 2015 382 2132 'sapientia
409 2035 598 2121 Socratem,
625 2036 670 2109 de
697 2037 842 2131 justitia
870 2037 1084 2122 Aristidem,
1110 2038 1155 2113 de
1178 2037 1244 2110 mi-

206 2160 287 2232 litia
307 2159 596 2250 Themistoclem,
614 2161 658 2234 de
678 2162 899 2236 sublimitate
917 2163 1180 2249 Alexandrum,
1199 2164 1244 2238 de

206 2284 377 2360 felicitate
413 2285 650 2383 Polycratem,
684 2287 729 2362 de
762 2289 861 2385 copia
896 2289 1065 2374 Croesum,
1098 2288 1143 2363 de
1171 2289 1243 2361 elo·

205 2413 353 2508 quentia
379 2411 669 2486 Demosthenem.
725 2413 815 2498 Quis
847 2415 991 2488 axillis
1021 2415 1091 2488 diis
1118 2417 1244 2489 vestris

204 2539 342 2634 gravior
371 2549 408 2611 et
438 2541 630 2635 sapientior
661 2541 808 2624 (latone,
833 2543 965 2638 justior
992 2554 1030 2616 et
1057 2543 1245 2616 militarior

207 2662 403 2758 Scipione?
433 2664 510 2760 quis
542 2663 940 2763 sublimiorlPompeio,
969 2666 1104 2741 felicior
1134 2667 1245 2764 Sylla,

206 2789 402 2884 copiosior¹⁴
444 2790 577 2875 Crasso,
617 2789 836 2888 eloquentior
874 2792 1031 2866 Tullio?
1096 2793 1245 2879 Quanto

205 3054 238 3101 ut
261 3051 339 3102 attam
362 3048 396 3100 ait
419 3053 478 3114 post
501 3050 569 3099 marat
592 3046 700 3101 Batava
748 3047 805 3101 haec
818 3065 867 3116 pro
883 3050 1013 3118 suspectis
1026 3048 1109 3102 habet
1120 3047 1244 3100 Veratius

205 3133 358 3187 Latinitatis
369 3138 417 3186 est.
429 3131 487 3200 lege
501 3134 614 3198 poenitio.
648 3129 700 3204 A.]
750 3133 783 3185 de
799 3132 858 3186 Lat.
876 3141 990 3202 suspect.
1009 3153 1031 3188 c.
1050 3138 1075 3188 2.
1094 3141 1122 3189 et
1138 3137 1181 3187 31.
1198 3151 1247 3186 nec

206 3219 267 3272 The
290 3219 400 3288 reading
419 3221 524 3286 possitis
544 3218 634 3271 would
657 3219 701 3272 de·
750 3219 893 3272 immerito.
919 3218 968 3289 A.]
990 3221 1099 3286 fiacrint
1120 3221 1178 3288 just
1201 3207 1255 3272 be-¹

205 3310 279 3373 stroy
304 3304 352 3358 tho
382 3309 532 3373 argument,
560 3303 650 3358 which
679 3304 702 3356 is
752 3304 805 3357 low
833 3305 856 3358 ia
884 3305 1040 3373 equivalent
1068 3311 1096 3358 to
1125 3313 1248 3373 putemus

208 3390 364 3459 syllogistic.
413 3391 479 3444 Non
504 3393 623 3457 poteritis
650 3391 705 3442 aiot
745 3391 842 3456 fateor.

176 3537 179 3541 ,
208 3479 376 3545 negaveritis:
389 3483 417 3530 ot
424 3493 477 3528 aaa
481 3479 588 3543 pateatis
596 3493 703 3546 negare:
802 3472 822 3503 ¹⁴
843 3473 973 3542 Copioor‘cr
984 3493 1058 3529 more
1070 3476 1207 3547 wealthy;
1219 3496 1248 3532 as

203 3560 353 3630 ipitcr,&c.
371 3561 704 3630 cticcha,·“audbesidcs
752 3561 892 3630 ooptcjust
902 3561 993 3616 above.
1024 3561 1203 3617 SoCicercin
1213 3565 1248 3634 Q.

204 3647 280 3701 there
303 3665 348 3701 arc
376 3647 452 3700 those
480 3647 591 3716 charges
612 3645 703 3702 which
752 3647 840 3702 Corcil.
853 3647 915 3700 Div.
927 3652 1176 3717 nummatior,
1188 3659 1249 3706 onte

204 3731 292 3786 forbid
310 3750 360 3786 our
377 3732 512 3801 believing
526 3732 598 3786 their
613 3733 702 3787 subse·
752 3736 821 3786 bunc
836 3740 998 3801 quoeatorem,
1015 3740 1114 3804 capiaco
1127 3740 1205 3804 plana
1222 3744 1248 3792 et

204 3825 289 3886 quent
302 3817 482 3886 apotheosea.’'
751 3821 857 3887 locuples
870 3817 937 3885 fuit.
984 3820 1097 3876 Plautus
1113 3841 1174 3877 uses
1191 3841 1249 3891 capa

256 3901 276 3934 ²²
294 3906 444 3972 Suggillatio
462 3912 522 3964 cat;
545 3906 640 3972 “your
657 3904 703 3956 ad-
751 3905 849 3959 Bacch.
862 3921 891 3957 rr.
908 3906 933 3958 3.
953 3904 1012 3966 117.
1047 3909 1102 3962 ‘Ut
1118 3916 1248 3964 amantem

205 3988 384 4042 ministration
399 3989 430 4043 of
441 3990 539 4059 justice
553 3989 576 4042 is
591 4006 608 4042 a
623 3989 703 4042 satire
752 3993 855 4046 Mallem
890 4008 973 4058 copem
1000 3993 1116 4059 faceram
1142 3994 1248 4062 filium?

204 4091 279 4142 upon
290 4073 337 4127 the
349 4075 513 4129 inhabitants
524 4075 556 4130 of
563 4073 692 4128 heaven.”
751 4077 912 4130 militariam
926 4077 1008 4132 taken
1023 4081 1052 4132 in
1068 4080 1115 4134 the
1131 4099 1206 4136 sense
1221 4081 1252 4135 cf

256 4155 276 4188 ²³
294 4156 327 4226 [f.
348 4164 506 4228 aequalium:
532 4178 596 4215 narn
612 4159 703 4214 iuferi-
752 4161 889 4216 ‘warlike’
912 4163 970 4218 like
991 4169 1115 4220 militaria
1136 4169 1249 4220 Daunia

204 4245 258 4299 oris
273 4244 425 4298 Latinitatis
438 4253 478 4300 est
495 4264 551 4300 vox
566 4247 705 4315 aequalia
752 4246 781 4299 in
791 4246 905 4313 Horace,
914 4249 1069 4304 cndmtla'tr'a
1080 4252 1164 4305 above
1175 4257 1249 4304 must

204 4330 255 4384 etsi
271 4329 344 4398 apud
361 4329 540 4384 Columellam
553 4338 665 4400 apparet
676 4335 700 4384 8.
752 4333 963 4387 mean‘warlike
971 4335 1137 4401 excellence,'
1144 4335 1249 4404 though

205 4420 246 4470 14.
258 4416 305 4470 sed
319 4421 352 4468 ut
367 4416 462 4484 opinor
476 4417 610 4483 mendose,
622 4418 660 4472 sic
676 4423 704 4471 et
754 4418 767 4470 l
791 4427 888 4472 cannot
910 4420 1034 4474 recollect
1056 4422 1091 4475 its
1117 4421 1198 4489 being
1220 4439 1249 4476 so

204 4503 277 4572 apud
292 4501 393 4556 Justin.
406 4503 448 4555 23.
461 4506 485 4556 4.
499 4507 527 4556 et
537 4501 584 4557 lib.
596 4502 638 4562 37.
665 4502 703 4556 At
753 4503 818 4556 used
835 4503 987 4558 elsewhere.
