3300 5180
498 367 624 442 'erens
648 389 953 442 aeonooemcus.
1175 373 1247 439 153

198 573 357 654 enarrari
383 573 420 645 in
448 577 598 645 omnes¹⁰
622 571 813 644 difficilem.
864 571 1032 645 Ceterum
1057 569 1087 642 si
1112 568 1157 643 de
1181 595 1247 667 pu·
1281 583 1380 695 {³ng-

198 699 331 772 ..dicitia
348 688 592 795 'provocemus
624 698 704 794 lego
732 708 869 794 partem
899 697 1084 770 sententiae
1109 695 1409 770 Attice——

205 826 243 896 in
275 824 454 897 Socratem
482 835 717 920 corruptorem
745 823 1021 896 adolescentium
1043 823 1250 921 pronuntia·

199 963 294 1024 tem.
355 948 487 1023 Sexum
528 975 597 1030 nec
627 948 819 1022 femineum
859 958 978 1022 mutat
1015 947 1248 1022 Christianus.

207 1073 302 1146 Novi
327 1085 362 1148 et
383 1073 555 1172 Phrynen
583 1075 802 1146 meretricem
821 1071 1000 1171 Diogenis
1023 1099 1128 1170 supra
1148 1099 1248 1149 recu*

207 1200 326 1275 hantis
354 1199 470 1273 ardori
496 1201 695 1272 subantem.
733 1199 860 1272 Audio
877 1211 915 1272 et
936 1199 1111 1296 quendam
1139 1199 1250 1296 Speu-

206 1325 350 1421 sippum
385 1323 430 1396 de
462 1323 627 1398 Platonis
655 1323 773 1397 schola
807 1325 846 1396 in
885 1323 1060 1398 adulterio
1093 1326 1248 1422 periisse.

199 1447 432 1526 „Christianus
452 1450 555 1522 uxori
573 1475 645 1522 suae
668 1449 733 1522 soli
758 1450 934 1523 masculus
957 1451 1127 1524 nascitur.
1170 1451 1249 1526 De-

207 1575 376 1650 mocritus
394 1575 599 1648 excaecando
618 1575 860 1672 semetipsum.
878 1576 974 1673 quod
990 1575 1154 1652 mulieres
1172 1578 1248 1652 sine

204 1701 489 1798 concupiscentia
519 1701 673 1798 aspicere
705 1725 777 1773 non
808 1713 936 1798 posset,
971 1711 1008 1776 et
1043 1702 1189 1788 doleret,
1218 1706 1271 1778 si·

201 1849 276 1898 non
300 1837 392 1898 esset
411 1827 561 1922 potitus,
581 1827 878 1900 incontinentiam
902 1827 1150 1901 emendatione
1172 1854 1248 1926 pro

206 1950 340 2026 fitetur.
380 1949 439 2022 At
457 1948 685 2024 Christianus
701 1950 806 2024 salvis
824 1951 934 2024 oculis
951 1951 1119 2025 feminam
1138 1953 1248 2040 videt,

206 2075 325 2148 animo
352 2074 519 2150 adversus
546 2076 734 2150 libidinem
765 2101 875 2150 caecus
903 2087 968 2150 est.
1033 2077 1071 2150 Si
1099 2078 1144 2152 de
1169 2104 1249 2177 pro·-

205 2201 319 2274 bitete
345 2199 544 2284 defendam,
572 2227 650 2274 ecce
674 2201 865 2275 lutulentis
888 2202 1038 2300 pedibus
1062 2201 1248 2301 Diogenes

202 2326 372 2428 superbos
411 2326 576 2400 Platonis
613 2339 707 2406 toros
747 2327 834 2402 alia
860 2329 1024 2426 superbia
1065 2329 1247 2406 deculcat:

179 2427 434 2560 *Christianus
458 2455 582 2528 necin
607 2435 797 2552 pauperem
819 2456 1004 2553 superbit·
1043 2456 1081 2530 Si
1104 2456 1149 2530 de
1174 2483 1249 2532 mo-

205 2576 319 2651 destia
338 2591 480 2664 certem,
500 2605 578 2654 ecce
595 2579 820 2678 Pythagoras
842 2581 939 2679 apud
959 2579 1127 2664 Thurios,
1144 2582 1248 2657 Zeno

203 2703 300 2800 apud
321 2703 535 2780 Prienenses
557 2705 789 2803 tyrannidem.
804 2709 997 2782 affectant:
1022 2708 1248 2792 Christianus

204 2853 285 2901 vero
311 2853 376 2903 uec
401 2830 648 2905 aedilitatem¹¹.
700 2831 741 2906 Si
770 2831 815 2905 de
840 2833 952 2906 animi
976 2835 1145 2931 aequitate
1168 2852 1249 2908 cou-

144 2947 146 2952 ’
195 2952 354 3050 [grediau
372 2953 562 3055 Lycurgus
584 2955 848 3054 ἀποκαρτὲρησιν
865 2960 1014 3056 optavit,
1036 2960 1131 3056 quod
1152 2961 1249 3060 leges

203 3081 281 3174 ejus
300 3077 459 3152 Lacones
476 3080 745 3155 emendassent:
777 3080 1001 3156 Christianus
1022 3084 1130 3158 etiam
1149 3083 1250 3159 dam·

204 3215 311 3280 natus
335 3206 468 3302 gratias
492 3208 581 3306 agit.
628 3206 667 3281 Si
697 3207 742 3282 de
772 3208 842 3282 fide
867 3214 1077 3306 comparem,
1100 3211 1248 3284 Anaxa-

195 3355 306 3427 goras
332 3331 530 3429 depositum
557 3332 758 3432 hospitibus
783 3334 994 3432 denegavit:
1023 3333 1248 3413 Christianus

256 3656 276 3688 ¹⁰
292 3647 415 3715 eumer
425 3663 455 3714 in
465 3667 598 3726 omacato
609 3660 643 3714 be
653 3678 703 3714 ex·
751 3659 1165 3730 antitheticellytotyronetdem.
1180 3662 1249 3720 This

205 3739 312 3810 pinined
330 3751 359 3800 to
376 3745 424 3800 the
444 3747 599 3802 multitude.
622 3746 704 3810 ,This
751 3745 902 3802 office—or
923 3753 952 3802 et
973 3747 1041 3802 least
1062 3765 1080 3804 a
1101 3750 1249 3820 municipe]

205 3829 229 3886 is
245 3819 285 3885 ¹in
314 3831 429 3888 abusion
449 3838 487 3908 'to
514 3832 561 3886 the
592 3833 703 3888 esoteric
752 3833 898 3903 aediIeebip,
921 3832 1011 3888 which
1031 3841 1113 3890 must
1134 3836 1250 3910 bethet

206 3916 260 3970 and
271 3919 388 3974 exoteric
400 3918 531 3974 doctrines
542 3917 574 3972 of
582 3918 629 3974 the
642 3919 703 3976 Ple-
744 3920 820 3981 ,with
842 3918 933 3976 which
956 3918 1109 3978 Tertullisn
1131 3939 1188 3978 wes
1207 3923 1248 3978 fs·

207 4002 280 4059 tonic
307 4002 406 4058 school.
454 4005 489 4058 ln
516 4004 554 4060 all
582 4005 704 4079 writings
751 4005 1248 4072 miliar,-seemstohevehedsome-·

206 4087 304 4146 ottho
327 4087 479 4158 Pletoniste,
502 4090 646 4160 especially
667 4107 703 4146 on
747 4092 831 4166 ¹thing
867 4090 1017 4160 peculiarly
1057 4093 1247 4162 contemptible

205 4181 261 4236 this
294 4181 381 4251 point,
412 4183 460 4238 the
494 4174 703 4246 πεπαιδευμένοι
751 4177 804 4233 and
825 4177 973 4234 ridiculons
994 4177 1024 4232 in
1045 4178 1120 4234 itte
1140 4179 1247 4235 ancient

194 4275 259 4339 ¹pud
283 4274 331 4328 the
359 4263 451 4347 ὄχλος
479 4295 525 4334 m
551 4277 703 4348 eompy
752 4281 824 4333 eyes,
846 4263 899 4318 and
921 4265 946 4318 is
967 4263 1041 4318 osten
1060 4264 1160 4333 quoted
1177 4281 1248 4322 eea

193 4367 364 4426 ,mmmm
409 4369 470 4424 The,
495 4362 528 4425 pn
551 4373 574 4427 13
595 4372 643 4428 phe
669 4370 703 4422 εἷς
749 4350 903 4420 proverbial
929 4350 1072 4418 burlesque
1095 4348 1128 4403 of
1151 4349 1247 4416 official

208 4453 325 4512 aceede.
379 4492 381 4496 .
752 4435 830 4490 rank.
858 4435 907 4492 See
921 4434 1027 4490 duum
1042 4437 1102 4490 102.
1131 4436 1246 4494 Persius.

258 4551 276 4582 ¹¹
296 4571 342 4607 acc
376 4555 548 4616 melittutam
588 4557 704 4627 opposed
756 4523 846 4578 ¹¹130'
