3306 5176
406 332 454 406 92
788 349 1053 402 rnaronnmur

265 541 368 651 KQ
405 528 501 602 coelis
526 530 655 627 potius,
683 545 720 605 et
748 531 833 606 inde
862 544 1032 606 venturus
1062 557 1142 606 cum
1175 533 1286 606 totius
1313 531 1439 605 mundi

243 688 392 704 ---
405 666 516 740 motu,
537 681 615 730 cum
637 654 777 730 horrore
795 659 899 744 orbis,
919 683 999 732 cum
1020 657 1167 756 planetu
1186 658 1356 742 omnium,
1378 655 1439 730 sed

405 803 475 852 non
497 778 789 864 Christianorum,
811 794 853 854 ut
878 782 936 856 dei
956 783 1071 856 virtus
1095 793 1132 856 et
1150 783 1210 856 dei
1234 783 1380 880 spiritus
1402 791 1439 856 et
1474 775 1476 780 ’

405 931 518 978 sermo
545 917 582 979 et
613 907 787 1004 sapientia
814 919 858 980 et.
880 908 971 981 ratio
1003 917 1040 981 et
1067 907 1125 982 dei
1154 907 1261 980 filius.
1313 905 1439 992 Quod-

405 1056 543 1128 cunque
568 1032 703 1119 ridctis,
733 1033 902 1108 rideant¹³
928 1046 964 1108 et
989 1033 1045 1108 illi
1074 1035 1275 1121 vobiscum3
1305 1045 1439 1131 negent

403 1153 590 1230 Christum
612 1182 753 1230 omnem
776 1159 820 1231 ab
842 1185 915 1232 aevo
935 1161 1090 1232 animam
1111 1160 1277 1233 restituto
1297 1183 1438 1256 corpore

399 1281 654 1378 judicaturum.
706 1283 840 1356 Dicant
864 1282 961 1356 hoc¹⁴
990 1309 1053 1381 pro
1077 1282 1259 1369 tribunali,
1283 1284 1313 1356 si
1336 1282 1438 1368 forte,

404 1406 557 1482 Minocn
591 1419 632 1482 et
666 1407 959 1483 Radamanthum
999 1409 1191 1484 secundnm
1231 1433 1438 1483 consensum

370 1529 376 1544 ⁸
404 1533 565 1608 Platonis
592 1545 629 1608 et
649 1545 833 1632 poetarum
858 1559 931 1608 esse
954 1536 1117 1622 sortitos;
1144 1559 1214 1607 suae
1236 1531 1362 1606 saltem
1385 1535 1437 1630 ig-

402 1661 567 1733 nominiae
596 1672 632 1734 et
660 1661 897 1734 damnationis
921 1673 1042 1734 notam
1071 1659 1251 1735 refutent:
1283 1671 1436 1734 renuant

402 1809 439 1858 se
470 1785 673 1858 immundos
706 1785 851 1883 spiritus
883 1812 968 1871 esse,
1003 1785 1096 1883 quod
1128 1784 1185 1859 vel
1217 1811 1262 1858 ex
1296 1785 1435 1883 pabulis

401 1935 520 1984 eorum
546 1912 718 2007 sanguine
745 1923 782 1985 et
809 1911 907 1985 fumo
933 1923 969 1986 et
994 1913 1130 2010 putidis
1154 1913 1248 2010 rogis
1271 1905 1434 2009 pecorum

403 2047 440 2110 et
467 2038 753 2134 impuratissimis
780 2039 915 2138 linguis
942 2041 1097 2137 ipsorum
1127 2055 1249 2113 vatum
1280 2039 1436 2136 intelligi

401 2161 548 2249 debuit3
580 2175 732 2237 renuant
756 2167 801 2238 ob
826 2165 999 2239 malitiam
1029 2166 1313 2262 praedamnatos¹⁵
1339 2191 1375 2239 se
1397 2167 1435 2238 in

403 2288 554 2361 eundem
579 2289 708 2384 judicii
740 2289 834 2363 diem
866 2315 946 2363 cum
979 2293 1143 2364 omnibus
1174 2291 1368 2364 cultoribus
1398 2299 1436 2363 et

404 2415 643 2509 operatoribus
683 2417 765 2488 suis.
828 2414 950 2512 Atqui
984 2417 1097 2488 omnis
1134 2414 1209 2488 haec
1245 2427 1366 2488 nostra
1397 2416 1434 2486 in

401 2536 482 2610 illos
501 2537 696 2612 dominatio
714 2551 751 2613 et
772 2550 944 2637 postestas
966 2541 1271 2614 denominatione
1296 2537 1434 2613 Christi

401 2661 496 2735 valet
504 2668 535 2749 ¹⁶,
565 2675 602 2737 et
630 2665 673 2738 de
699 2667 1027 2740 commemoratione
1055 2693 1186 2751 eorum,
1220 2666 1387 2764 quaesibi
1414 2691 1435 2738 a

401 2788 467 2860 deo
491 2814 552 2885 per
574 2791 745 2863 arbitrum
770 2789 953 2864 Christum
973 2792 1199 2865 imminentia
1219 2767 1434 2888 exspectant

402 2915 582 2989 Christum
614 2917 781 2990 timentes
815 2918 853 2988 in
884 2916 962 3003 deo,
994 2930 1031 2990 et
1065 2919 1170 2992 deum
1204 2917 1243 2989 in
1276 2915 1432 3000 Christo,

401 3042 637 3137 subjiciuntur
660 3041 766 3114 servis
785 3041 844 3114 dei
865 3053 902 3115 et
922 3040 1067 3116 Christi.
1121 3041 1181 3116 Ita
1203 3041 1248 3114 de
1269 3051 1433 3115 contactu

399 3165 513 3264 deque
545 3168 667 3241 afflatu
693 3179 824 3254 nostro,
855 3167 1153 3266 contemplatione
1181 3179 1218 3240 et
1248 3191 1432 3264 repraesen-

399 3295 534 3366 tatione
567 3294 661 3390 ignis
694 3292 793 3366 illius
823 3295 984 3391 correpti,
1016 3294 1125 3366 etiam
1158 3293 1204 3366 de
1232 3293 1432 3389 corporibus

448 3553 469 3586 ¹³
484 3560 587 3612 rideant
603 3565 627 3612 et
644 3557 763 3624 tilleio.
779 3557 843 3612 “let
858 3575 892 3612 us
939 3561 1076 3614 mumdum
1090 3597 1152 3611 ......
1166 3559 1306 3614 secundum
1328 3572 1435 3610 consar-

397 3657 440 3694 see
457 3641 579 3697 whether
595 3642 662 3712 they
675 3643 732 3698 will
746 3643 806 3712 join
822 3662 892 3713 your
938 3661 999 3698 eum
1002 3683 1064 3694 ......
1066 3648 1169 3700 sortitor
1180 3663 1232 3699 caeo
1246 3646 1361 3698 hoc-sc.
1372 3645 1435 3695 ant-

396 3726 532 3782 ridicule.”
572 3731 683 3795 ruam,
713 3736 812 3798 nepem,
840 3727 891 3784 &a
938 3733 1189 3799 marumjudc'ca'um.

396 3830 442 3866 are
459 3814 525 3868 used
539 3813 596 3868 like
611 3814 658 3868 the
676 3815 847 3884 imperatives
861 3815 891 3868 in
990 3813 1011 3845 ¹⁵
1023 3820 1224 3884 praedamnatos.
1242 3815 1284 3869 ef.
1294 3814 1320 3868 S.
1333 3814 1433 3870 Matth.

397 3897 465 3952 Hor.
478 3898 531 3952 Sat.
546 3917 577 3953 11.
587 3902 613 3954 2.
626 3904 668 3954 15.
678 3900 743 3954 duv.
758 3918 819 3954 xm.
831 3902 890 3955 161.
939 3901 996 3956 viii.
1015 3905 1058 3957 29.
1100 3902 1153 3972 Ep.
1173 3902 1199 3957 S.
1219 3901 1294 3956 Petri
1314 3902 1343 3955 ii.
1364 3905 1389 3956 2.
1410 3905 1435 3956 4.

349 4022 352 4030 ,
396 3987 519 4039 aboeooa
534 3985 605 4040 little
616 3985 757 4040 furtheris
773 4002 890 4055 synony-
938 3991 1112 4056 opmotorttus
1122 3988 1231 4058 maybe
1247 3988 1330 4042 taken
1343 3989 1372 4042 in
1387 3987 1434 4042 the

395 4088 473 4124 mous
489 4069 555 4124 with
570 4073 602 4125 al
618 4075 702 4137 tuitio,
717 4089 734 4125 a
748 4075 890 4138 primordio
938 4074 1076 4128 sacrificial
1091 4093 1167 4128 sense
1183 4091 1307 4129 common
1322 4083 1351 4130 to
1360 4077 1435 4144 facio

395 4157 448 4212 and
470 4155 517 4210 the
539 4155 597 4210 like
618 4156 736 4225 phrases,
757 4156 810 4212 an'd
832 4175 889 4212 cor·
937 4161 1098 4228 andopemr.

396 4243 562 4312 respondeto
573 4241 621 4296 the
632 4258 780 4312 pmaeaum
791 4242 821 4298 ol
834 4243 889 4297 Lu·
985 4243 1010 4316 ⁴²⁶
1027 4247 1094 4300 volet
1118 4253 1232 4314 potestas
1259 4249 1297 4300 de.
1343 4245 1435 4300 “Tho

395 4331 501 4384 cretius.
937 4329 1050 4400 validity
1068 4329 1099 4385 of
1115 4349 1166 4385 our
1183 4350 1275 4401 power
1289 4333 1313 4387 is
1327 4331 1435 4388 derived

446 4413 466 4446 ¹⁴
482 4418 582 4470 Dicant
609 4415 663 4479 loc,
686 4411 737 4468 &c
783 4413 888 4470 Constr.
935 4415 1095 4482 from‚''&c.
1130 4417 1156 4471 S.
1172 4417 1272 4472 Matth.
1287 4419 1334 4472 vii.
1349 4421 1434 4472 22.ιή

394 4505 494 4556 Dicant
509 4541 570 4553 ......
586 4502 699 4556 Mtuoeu
727 4508 751 4556 ct
782 4503 887 4557 eruda-
936 4506 1039 4558 mortue
1049 4511 1094 4558 too
1105 4506 1234 4558 daemonio
1245 4508 1372 4572 ejectmue.
1403 4521 1406 4526 ·
