3300 5180
521 381 638 432 crass
660 379 967 434 aronoos'ncus.
1193 363 1264 438 139

221 562 270 634 si⁷
290 561 378 658 quid
399 561 535 636 adversi
549 561 689 639 :accidit
709 563 866 647 urbibus,
883 561 1013 636 eaedem
1032 561 1149 636 clades
1171 572 1263 636 tem·
1312 576 1391 684 eff

226 685 364 784 plorum
391 709 468 784 quoe
494 698 531 762 et
554 686 724 762 moenium
755 686 922 773 fuerunt3
950 697 993 762 nt
1017 689 1092 782 jam
1120 684 1186 760 hoc
1212 711 1265 760 rc·
1282 671 1428 741 --‘-·

228 811 378 896 vincam,
400 835 471 884 non
504 837 525 886 a
554 812 629 886 deis
656 813 806 897 evenire,
841 811 925 908 quia
952 821 989 886 et
1021 811 1107 907 ipsis
1136 811 1265 884 evenit.

226 936 375 1034 Semper
400 935 556 1010 bumana
579 961 667 1034 gens
691 936 784 1010 male
807 936 852 1010 de
879 936 944 1010 deo
967 935 1124 1008 meruit:
1150 936 1266 1032 primo

133 1104 134 1108 =
227 1061 371 1158 quidem
397 1074 439 1136 ut
459 1064 665 1138 inofficiosa⁸
695 1065 783 1160 ejus,
809 1086 913 1158 quem
940 1086 1020 1136 cum
1046 1059 1267 1158 intelligeret

229 1211 274 1260 ex
298 1198 410 1284 parte,
428 1211 497 1260 nou
523 1187 634 1262 solum
658 1213 730 1260 nou
750 1187 936 1284 requisivit
959 1184 1188 1270 timendum⁹‚
1205 1185 1267 1260 sed

229 1321 267 1384 et
286 1311 373 1384 alios
395 1312 462 1384 sibi
488 1313 592 1385 citius
617 1321 817 1385 commenta
842 1321 896 1384 est
918 1331 1004 1407 quos
1025 1307 1179 1392 coleret;
1207 1307 1267 1381 de-

229 1434 314 1509 hinc
343 1437 436 1534 quod
455 1462 527 1510 nou
550 1436 763 1534 inquirendo
784 1437 996 1510 innocentie
1016 1435 1266 1532 magistrum¹⁰,

228 1563 266 1634 et
292 1564 463 1636 nocentis
490 1563 649 1658 judicem
676 1575 713 1636 et
743 1571 953 1647 exactorem,
977 1561 1141 1634 omuibus
1170 1561 1267 1636 vitiis

226 1697 268 1760 et
301 1688 508 1760 criminibus
542 1686 729 1760 inolevit¹¹.
787 1685 955 1758 Ceterum
985 1687 1016 1758 si
1052 1685 1266 1782 requisisset,

227 1811 443 1906 sequebatur
473 1823 516 1884 ut
547 1820 807 1906 recognosceret
832 1809 1054 1906 requisitum,
1084 1818 1121 1883 et
1150 1833 1268 1906 recog-

227 1937 348 2010 nitum
376 1937 585 2022 observaret,
613 1945 651 2008 et
678 1936 900 2008 observatum
931 1934 1045 2030 magis
1072 1933 1266 2030 propitium

228 2061 449 2160 experiretur
487 2052 591 2158 quam
635 2061 778 2135 iratum.
846 2057 1014 2133 Eundem
1051 2084 1135 2156 ergo
1172 2083 1268 2132 nunc

231 2212 369 2285 quoque
409 2188 496 2260 scire
530 2185 637 2260 debet
668 2185 813 2271 iratum,
845 2209 951 2281 quem
985 2193 1022 2256 et
1053 2194 1149 2256 retro
1172 2207 1269 2260 ,sem-

230 2339 303 2410 per,
335 2314 539 2411 priusquam
579 2309 774 2384 Christiani
809 2309 1087 2384 nominarentur.
1156 2308 1269 2404 Cujus

230 2439 332 2511 bonis
367 2440 536 2512 utebatur
569 2447 653 2510 aute
687 2435 805 2520 editis,
839 2460 944 2532 quam
981 2435 1065 2508 deos
1103 2435 1169 2508 sibi
1202 2435 1268 2508 lin-

280 2727 333 2785 ⁷et
352 2733 420 2796 benc,
436 2733 551 2799 quodsi,
571 2729 622 2784 &a
658 2728 726 2783 This
775 2730 805 2784 in
827 2746 849 2784 u
874 2731 917 2784 23.
936 2735 1098 2798 rapotonem
1120 2735 1177 2786 abac
1195 2734 1271 2786 dubio

229 2817 381 2885 expression
397 2818 421 2871 is
435 2817 509 2871 often
523 2816 590 2870 used
606 2815 645 2884 by
659 2814 726 2869 Ter·
775 2824 799 2871 st
815 2818 994 2870 timendorum.

229 2902 347 2968 tulliau3
372 2919 401 2956 so
424 2903 457 2957 sd
480 2902 526 2956 flu.
549 2919 572 2957 c.
595 2903 637 2955 24.
658 2904 725 2968 benc,
826 2899 847 2931 ¹⁰
863 2905 1021 2957 innccmtioe
1038 2906 1201 2971 metrum,
1220 2901 1270 2958 &c

230 2990 297 3056 quod
314 2992 431 3041 omnium
450 2991 513 3041 deus
528 2993 574 3042 eat.
615 2987 643 3041 lt
662 2986 726 3041 here
775 2991 896 3057 moyistcr
918 2987 982 3042 here
1010 3004 1102 3042 means
1128 2991 1213 3042 doctor
1240 3006 1272 3044 or

230 3089 342 3126 means:
371 3072 432 3127 tbet
459 3071 507 3127 the
536 3072 727 3126 circumstance
776 3075 982 3135 mariammes
1000 3092 1023 3127 c.
1038 3077 1080 3127 45.
1097 3077 1271 3129 innocorstiam

229 3158 368 3230 preseutly
375 3157 477 3224 related
483 3157 646 3226 concerning
653 3156 728 3212 these
775 3177 794 3212 o
807 3161 863 3214 Deo
877 3162 957 3214 edocti
970 3166 995 3214 at
1006 3161 1185 3227 perfecissem
1199 3163 1271 3214 soci

229 3243 728 3313 miffortuucsisaveryfortunoteone
776 3263 844 3310 mus,
859 3254 890 3300 ut
907 3263 924 3298 a
939 3247 1049 3313 perfecto
1068 3249 1190 3314 mayistro
1204 3263 1272 3302 reve

229 3330 274 3385 for
287 3331 334 3385 the
349 3335 499 3400 argument
536 3328 728 3397 surguntne
776 3333 900 3395 tutemet
908 3331 1020 3398 fideliter
1030 3332 1271 3388 commoueat

228 3417 259 3470 in
270 3416 318 3471 the
329 3417 446 3486 opening
456 3415 487 3469 of
498 3414 545 3468 the
559 3413 661 3468 Civitas
675 3413 727 3468 Dei
775 3419 984 3484 inconsumptibili
1005 3419 1141 3484 dispectore
1163 3418 1272 3472 manda-

230 3509 336 3572 repccts
352 3501 399 3556 the
416 3501 564 3569 reasoniug.
775 3510 837 3557 tam.
872 3501 906 3554 lu
927 3501 975 3556 the
997 3507 1065 3556 next
1087 3501 1176 3556 clause
1197 3521 1273 3558 scoc-

278 3587 452 3657 8ἰιιιιῇῑιιῒοιιι,
477 3605 512 3641 sc.
538 3587 618 3641 officii
643 3585 728 3655 negli-
774 3596 855 3642 torem
874 3587 899 3641 is
915 3587 1003 3642 either
1019 3605 1057 3642 an
1074 3587 1271 3657 interpolation,

228 3689 301 3744 gene,
325 3691 351 3727 v.
374 3672 408 3728 ed
431 3689 454 3726 c.
473 3674 516 3726 23.
551 3670 644 3726 Cicero
667 3687 728 3725 uses
776 3691 808 3728 or
822 3675 845 3727 it
859 3680 934 3728 must
948 3673 981 3728 be
994 3673 1077 3728 taken
1093 3673 1183 3729 inthe
1196 3691 1271 3730 sense

227 3765 351 3828 officim
373 3759 403 3812 in
425 3776 442 3812 a
464 3757 532 3828 good
554 3775 652 3824 seuee3
681 3775 728 3812 osc
776 3757 1271 3830 otmcoeuoremboenoteum.)

228 3847 419 3914 diiiqcauormt,
431 3861 478 3898 nac
491 3847 669 3914 waima,
680 3861 727 3899 aar
775 3863 804 3901 es
816 3845 927 3900 Tacitus
937 3863 998 3914 says
1007 3845 1132 3915 Agricola
1140 3863 1195 3901 was
1205 3845 1271 3902 used

229 3929 727 3998 mendicamusocilcdelsoimsm
775 3935 863 3986 omnio
884 3937 958 3997 scire,
979 3949 1033 3986 uon
1054 3935 1142 3986 mania
1161 3935 1272 4000 animai.

228 4015 265 4070 ad
277 4015 334 4070 An.
348 4031 407 4070 xm.
418 4017 462 4070 45.
776 4015 928 4071 'l'ertullian
943 4015 1055 4071 himself
1062 4016 1159 4086 speaks
1169 4015 1200 4070 of
1211 4015 1271 4070 God

229 4129 231 4138 ·
282 4098 368 4156 ’non
397 4105 530 4171 requisivit
562 4103 726 4164 timendam
776 4119 806 4156 cs
828 4107 981 4158 innocentiae
999 4110 1109 4168 samar,
1129 4101 1163 4155 de
1183 4101 1270 4169 Spect.

230 4187 249 4240 i.
260 4205 284 4240 e.
307 4185 353 4240 did
375 4193 424 4240 not
444 4203 474 4240 so
496 4186 654 4256 investigate
673 4185 728 4240 aud
777 4205 799 4242 c.
811 4191 837 4241 2.

228 4269 650 4341 embodyliiscxisteuoe,asto
667 4289 729 4340 pro-
827 4271 847 4302 ¹¹
863 4276 988 4336 isroiwiw
1007 4276 1107 4344 “grew
1120 4288 1159 4338 up
1175 4270 1272 4339 imgot

230 4375 294 4427 pose
318 4357 386 4412 Him
409 4363 438 4412 to
457 4357 621 4414 ‘themselves
641 4375 671 4412 as
693 4375 728 4413 au
776 4358 868 4413 rootctl
883 4357 938 4414 iu.”
971 4356 1157 4417 AEntvrffssii.
1171 4355 1270 4426 (ἔοικε.

229 4445 321 4514 object
337 4443 370 4498 os
381 4443 441 4497 tear
455 4441 508 4497 and
525 4443 614 4498 dread,
647 4443 729 4499 Com·
777 4442 860 4504 ιι.77.

230 4547 296 4600 paro
311 4529 360 4586 tbe
380 4545 429 4584 uss
445 4529 478 4583 of
494 4528 540 4584 the
560 4547 634 4584 same
654 4530 728 4584 word
