3306 5176
412 331 460 400 64
793 343 1059 394 rsurunumur

286 504 363 659 pff.
412 541 467 604 est
499 527 633 604 bellum
668 525 899 624 Assyriorum
933 539 971 598 et
1010 524 1203 600 Saturnum
1240 528 1451 604 Titanorum

251 645 394 714 -2-
412 681 531 754 regem
580 679 658 728 cum
701 653 793 727 Jove
838 651 1034 733 dimicasse,
1076 653 1276 726 ostenditur
1319 656 1451 730 bellum

412 779 604 855 CCCXX
637 790 674 854 et
698 763 835 852 duobus
860 778 964 850 annis
991 777 1143 852 Iliacum
1177 781 1338 854 exitium·
1355 793 1455 856 ante-

412 908 563 982 cessisse.
631 907 700 979 Per
733 903 830 978 hunc
865 907 1013 1001 Moysen
1048 905 1155 978 etiarn
1189 905 1253 979 illa
1284 906 1353 982 lex.
1376 934 1454 1005 pro-

411 1032 654 1132 priaJudaeis
682 1030 794 1104 adeo
827 1031 936 1104 missa
968 1041 1032 1104 est.
1084 1029 1267 1130 Deinceps
1296 1033 1453 1121 multa⁵3

412 1171 450 1234 et
478 1159 540 1232 alii
569 1155 750 1255 prophetae
778 1155 991 1229 vetustiores
1016 1155 1148 1228 litteris
1172 1158 1308 1230 vestris.
1358 1156 1453 1231 Nam

413 1298 450 1360 et
483 1286 546 1383 qui
579 1284 708 1358 ultimo
745 1281 885 1366 cecinit,
916 1293 979 1354 aut
1014 1281 1235 1378 aliquantulo
1260 1307 1455 1380 praecucur-

413 1412 472 1495 rit,
505 1422 569 1484 aut
604 1419 698 1483 certe
733 1407 910 1482 concurrit
946 1417 1051 1480 aetate
1087 1409 1269 1504 sapientiae
1304 1403 1456 1483 auctori*-

412 1538 490 1624 bus,
525 1539 633 1611 etiarn
667 1535 839 1608 latoribus
866 1533 967 1632 legis.
1033 1534 1117 1630 Gyri
1151 1536 1246 1608 enim
1277 1546 1314 1609 et
1345 1534 1455 1608 Darii

413 1687 522 1759 regno
537 1660 609 1734 suit
627 1657 833 1744 Zacharias,
851 1685 920 1756 quo
939 1660 978 1731 in
996 1669 1154 1756 tempore
1172 1658 1317 1746 Thales,
1335 1659 1468 1758 physi:

415 1811 531 1860 corum
559 1787 733 1882 princeps,
762 1783 956 1858 sciscitanti
982 1783 1101 1856 Croeso
1127 1783 1221 1856 nihil
1250 1796 1395 1858 certum
1410 1785 1456 1858 de

414 1914 605 1986 divinitate
630 1910 824 2008 respondit,
853 1911 1018 1984 turbatus
1047 1910 1182 1984 scilicet
1206 1913 1350 1985 vocibus
1377 1937 1456 2008 pro-

414 2037 614 2137 phetarum.
684 2035 791 2108 Solon
828 2035 943 2110 eidem
977 2037 1052 2133 regi
1083 2037 1190 2110 finem
1225 2037 1341 2136 longae
1372 2038 1456 2111 vitae

380 2146 381 2150 Ἰ
414 2164 629 2238 intuendum
653 2162 859 2260 praedicavit
878 2187 949 2234 non
973 2161 1214 2260 aliter‚,quam
1236 2164 1455 2262 prophetae⁶3

415 2291 503 2364 adeo
524 2289 651 2387 respici
677 2293 832 2386 potest⁷,.
846 2298 920 2361 tam
945 2291 1029 2384 jura
1057 2299 1173 2362 vestra
1202 2313 1308 2386 quam
1338 2289 1457 2364 studia

415 2416 460 2489 de
487 2416 567 2512 lege
597 2414 711 2511 deque
739 2413 861 2486 divina
891 2413 1052 2486 doctrina
1078 2415 1286 2512 concepisse.
1351 2415 1457 2500 Quod

413 2543 512 2638 prius
535 2551 600 2627 est,
618 2538 685 2612 hoc
707 2540 754 2644 sit
772 2564 891 2612 semen
913 2564 1053 2632 necesse
1071 2550 1135 2612 est.
1184 2539 1277 2612 Inde
1294 2540 1475 2636 quaedam¹

414 2668 595 2739 nobiscum
619 2666 674 2738 vel
698 2692 805 2763 prope
826 2691 888 2738 nos
911 2664 1078 2738 habetis⁸.
1131 2667 1188 2738 De
1213 2665 1336 2764 sophia
1360 2691 1457 2740 amor

415 2796 492 2888 ejus
509 2791 733 2890 philosophia
755 2793 930 2863 vocitatus
950 2791 1081 2875 est,.de
1103 2790 1291 2888 prophetia
1316 2793 1457 2866 affecta-

415 2919 467 2992 tio
484 2920 560 3012 ejus
577 2917 751 3013 poeticam
770 2915 1058 2988 vaticinationem
1078 2917 1285 3012 deputavit.
1323 2916 1457 2990 Gloriae
1494 2915 1496 2920 ’

414 3216 639 3286 quotedinc.10.
650 3213 756 3283 beyond
768 3212 858 3267 which
869 3231 911 3266 we
959 3213 1028 3267 mihi
1058 3213 1169 3268 Domini
1193 3215 1276 3270 finem
1305 3232 1407 3282 meum,
1430 3222 1458 3270 et

413 3303 482 3358 have
505 3302 576 3357 little
603 3301 763 3370 knowledge
787 3300 818 3355 of
842 3299 909 3353 him.
959 3317 1105 3354 numerum
1126 3301 1232 3355 dierum
1252 3319 1376 3356 meorum
1396 3301 1458 3370 quis

415 3390 571 3444 Lactantius
599 3383 665 3458 (Ep.
692 3387 727 3442 D.
759 3387 781 3440 Ι.
805 3405 827 3441 c.
852 3385 909 3459 24.)
960 3393 1008 3442 est.

413 3477 516 3532 alludes
534 3482 562 3530 to
580 3474 623 3528 his
641 3474 770 3544 Assyrias
789 3473 910 3544 History.
1011 3471 1021 3504 ⁷
1037 3477 1099 3528 odeo
1113 3477 1205 3542 respici
1215 3482 1296 3541 potest
1311 3477 1471 3542 concepisse„

414 3561 474 3615 The
492 3561 674 3616 construction
691 3561 714 3613 is
731 3577 783 3628 pao
800 3563 910 3614 relatum
960 3577 995 3614 sc.
1017 3560 1104 3614 Solon.
1125 3559 1173 3614 the
1196 3565 1291 3614 constr.
1310 3559 1363 3612 end
1383 3577 1458 3614 sense

413 3657 450 3703 est
463 3651 553 3702 bellum
573 3651 587 3678 ⁵
601 3649 616 3676 ‘
629 3651 643 3678 ¹
662 3655 685 3701 et
700 3649 842 3710 dimicasse,
857 3645 910 3700 ie.
960 3663 1032 3698 seem
1046 3653 1075 3700 to
1090 3647 1138 3700 be:
1157 3649 1217 3700 odeo
1230 3649 1352 3713 respicere
1366 3663 1459 3713 possu-

412 3733 682 3804 etquoddimicavit.
772 3775 775 3782 .
959 3731 1471 3800 musctoidereuttlleconccperie,&c.·

465 3819 619 3888 ⁶Deinceps
641 3822 732 3884 multo,
752 3835 826 3872 some
849 3835 910 3886 pro-
1011 3815 1021 3846 ⁸
1046 3819 1160 3872 “From
1183 3818 1238 3872 this
1266 3819 1459 3874 circumstance

412 3925 475 3977 pose
493 3909 570 3959 multa·
582 3905 656 3970 here,
671 3904 724 3958 and
739 3903 830 3958 others
843 3904 910 3956 ima·
961 3899 1026 3974 (viz.
1046 3904 1106 3958 that
1126 3922 1198 3974 your
1218 3904 1368 3974 legislatore
1388 3921 1459 3958 were

412 3994 474 4063 gine
492 4010 509 4046 a
531 3990 630 4052 hiatus,
654 3990 704 4044 but
728 3990 742 4042 l
762 3988 844 4042 think
862 3989 909 4044 the
959 3990 1084 4044 iudebted
1096 3996 1124 4044 to
1141 4008 1192 4044 our
1206 3987 1458 4058 sacred-doctrines)

413 4083 473 4134 text
502 4078 526 4130 is
554 4075 714 4145 intelligible
740 4092 769 4128 ss
797 4075 810 4126 l
840 4074 910 4128 have
959 4077 982 4130 it
995 4077 1115 4146 happens
1132 4076 1192 4131 that
1207 4095 1263 4146 you
1278 4076 1343 4130 hold
1358 4075 1459 4130 certain

412 4162 578 4235 punctuated
590 4161 621 4216 it.
655 4165 910 4230 wiedtmccectntt.
960 4168 1048 4218 tenete
1060 4160 1147 4214 either
1161 4163 1191 4215 in
1203 4179 1328 4216 common
1339 4161 1407 4216 with
1417 4179 1461 4227 us,

413 4248 612 4306 conmeishere
626 4247 692 4302 used
706 4246 858 4316 absolutely
868 4247 911 4302 for
959 4266 991 4301 οι·
1007 4247 1102 4315 nearly
1115 4247 1279 4318 resembling
1295 4252 1383 4302 ours.'’
1418 4250 1459 4302 de·

409 4339 568 4406 prophetavit
579 4353 609 4389 as
620 4333 695 4388 often
706 4331 860 4388 elsewhere.
955 4337 1060 4402 putauit
1077 4336 1108 4388 de
1121 4336 1274 4400 properem
1299 4334 1329 4386 in
1348 4333 1395 4386 the
1414 4332 1459 4386 old

464 4421 475 4453 ⁶
500 4422 543 4476 Ps.
571 4437 693 4474 xxxvnr.
719 4422 744 4473 5.
792 4420 911 4475 Locutus
960 4435 1035 4472 sense
1054 4417 1085 4473 of
1098 4427 1163 4486 puto
1185 4418 1243 4473 like
1261 4423 1415 4487 ampelusia
1432 4435 1459 4471 v.

413 4528 475 4570 sum
494 4511 523 4566 in
540 4509 633 4578 lingua
650 4523 726 4562 mea:
754 4511 850 4560 notum
869 4505 910 4560 fac
961 4522 984 4560 c.
995 4509 1021 4558 4.
