3306 5176
499 378 616 428 arasa
643 376 949 428 nrouoosmcus.
1183 363 1230 428 45

199 566 359 636 structa?
389 563 426 634 in
448 560 607 658 patibulo
631 561 783 657 primum
809 585 931 657 corpus
956 558 1013 632 dei
1039 559 1146 633 vestri
1171 559 1231 632 de·
1285 573 1363 682 {pf

198 688 348 762 dicatur.
402 687 562 786 Ungulis
594 686 762 760 deraditis
792 685 903 759 latera
930 685 1207 776 Christianorum
1221 705 1230 757 t
1244 669 1389 729 --’-

198 825 236 886 at
261 814 298 886 in
323 813 405 887 deos
428 827 560 886 vestros
586 813 791 910 peremnia
818 813 975 884 membra
996 789 1148 884 validius
1174 811 1229 883 in-

198 941 371 1013 cumbunt
398 939 500 1012 asciae
530 949 567 1012 et
598 936 753 1010 runciuae
784 948 820 1010 et
850 938 1025 1010 scobinae⁴.
1072 936 1232 1010 Cervices

197 1066 380 1161 ponimus:
408 1075 491 1138 ante
519 1063 704 1161 plumbum
733 1074 769 1137 et
792 1063 974 1156 glutinum
1003 1073 1040 1137 et
1062 1062 1233 1162 gomphos

198 1189 274 1262 sine
294 1189 408 1286 capite
432 1199 516 1261 suut
537 1188 588 1261 dii
609 1189 725 1261 vestri.
774 1188 840 1262 Ad
857 1189 986 1261 bestias
1003 1188 1231 1286 impellimur,

198 1325 291 1387 certe
317 1339 402 1410 quas
427 1309 556 1386 Libero
578 1324 615 1386 et
642 1310 774 1409 Cybele
801 1323 838 1386 et
866 1312 1009 1386 Coelesti
1036 1313 1232 1410 applicatis

147 1445 154 1466 ‘
200 1439 350 1538 Ignibus
371 1440 527 1512 urimur:
551 1437 617 1512 hoc
640 1448 676 1511 et
698 1437 753 1510 illi
774 1439 926 1536 aprima
944 1439 1089 1536 quidem
1107 1465 1231 1512 massa.

198 1565 245 1638 In
271 1565 417 1639 metalla
439 1564 670 1638 damnamur:
697 1564 781 1637 iude
805 1575 994 1638 censentur
1018 1565 1070 1637 dii
1097 1567 1232 1638 vestri‘t

198 1692 243 1762 In
272 1690 407 1764 insulas
435 1689 654 1787 relegamur:
689 1689 778 1763 solet
810 1701 847 1763 et
879 1691 918 1762 in
948 1691 1075 1764 insulis
1104 1691 1233 1788 aliquis

197 1815 284 1888 deus
306 1826 420 1890 vester
436 1827 500 1889 aut
516 1816 611 1889 nasci
630 1827 693 1889 aut
713 1817 812 1888 mori.
862 1815 901 1888 Si
922 1841 984 1913 per
1001 1815 1075 1889 haec
1095 1827 1232 1890 constat

196 1942 366 2016 divinitas
391 1943 520 2039 aliqua,
550 1967 632 2040 ergo
659 1943 720 2038 qui
746 1943 946 2039 puniuntur
974 1957 1232 2030 consecrantur,

197 2081 235 2142 et
257 2069 406 2142 numina
428 2079 533 2142 erunt
555 2069 704 2143 dicenda
725 2069 907 2166 supplicia.
951 2069 1022 2144 Sed
1036 2071 1142 2168 plane
1161 2097 1231 2145 nou

197 2197 358 2269 sentiunt
389 2195 453 2268 has
484 2197 632 2292 injurias
659 2209 695 2269 et
723 2197 954 2270 contumelias
983 2221 1057 2270 suae
1087 2197 1233 2271 fabrica-

196 2321 304 2394 tionis
326 2321 378 2393 dii
400 2323 519 2408 vestri,
535 2323 633 2418 ‚sicut
658 2347 723 2394 nee
746 2323 923 2418 obsequia.
976 2321 1011 2395 O
1035 2324 1153 2420 impia
1173 2349 1233 2396 vo-

197 2471 263 2531 ces,
290 2444 325 2518 O
349 2445 518 2544 sacrilega
542 2445 720 2518 convicia!
761 2445 966 2532 infrendite,
991 2448 1231 2546 inspumate⁶l

196 2571 304 2644 iidem
328 2573 423 2658 estis,
449 2572 510 2668 qui
532 2570 699 2644 Senecam
724 2571 877 2669 aliquem
899 2572 1060 2669 pluribus
1081 2587 1232 2674 etamass

197 2698 345 2770 rioribus
373 2697 416 2770 de
442 2708 557 2770 vestra
585 2697 835 2793 superstitione
858 2709 1079 2794 perorantem
1109 2702 1233 2796 proba-

247 2913 565 2975 ⁴ruacinoeetscohtnoe;
577 2915 690 2985 “planes
738 2915 834 2969 earlier
856 2915 923 2969 than
945 2915 992 2970 the
1013 2915 1125 2971 Flavian
1144 2917 1232 2981 times,

196 3000 249 3054 and
264 3000 346 3055 files.”
380 3001 440 3056 The
459 3003 545 3057 words
564 3020 609 3056 are
623 2999 689 3055 both
737 3002 788 3056 but
818 3003 841 3055 it
872 3003 896 3056 is
925 3001 1080 3056 afterwards
1107 3001 1232 3070 frequent

196 3087 350 3156 recognized
367 3089 405 3156 by
418 3088 511 3142 Varro.
545 3088 688 3152 Arnobius,
737 3088 853 3158 enough.
897 3089 924 3142 It
947 3106 1038 3142 occurs
1060 3089 1089 3141 in
1114 3088 1232 3153 Tacitus,

196 3173 225 3227 iu
245 3191 262 3228 a
285 3192 351 3244 very
367 3174 561 3228 characteristic
580 3191 689 3242 passage
739 3174 827 3243 Pliny,
844 3175 948 3238 Seneca,
966 3174 1074 3228 Martial
1085 3173 1137 3227 and
1149 3173 1232 3227 Juve-

197 3255 247 3328 (vr.
271 3259 326 3330 16.)
350 3259 399 3314 has
414 3261 570 3328 fanonibus
591 3264 690 3314 incocta
737 3260 791 3313 nal.
827 3260 946 3313 Idonot
960 3258 1233 3330 forgetTertulliau's

187 3345 309 3414 staulinus
321 3342 370 3416 (sc.
386 3346 476 3400 Deum
491 3343 646 3417 simulacra)
658 3362 690 3398 erc
738 3351 860 3399 constant
870 3363 917 3398 use
929 3346 960 3399 of
969 3363 1061 3399 census
1071 3346 1123 3399 aud
1135 3349 1232 3400 aurai

196 3434 332 3487 incudibus
354 3439 378 3488 ct
397 3435 495 3488 malleio
516 3439 589 3496 nata,
608 3435 690 3485 tornis
738 3431 780 3484 for
796 3435 865 3499 oripo
882 3431 934 3485 and
949 3433 1072 3499 mutuom
1088 3433 1188 3498 ducac,
1204 3431 1235 3485 of

195 3534 264 3582 rasa,
283 3521 440 3573 descobinata
459 3520 489 3572 dc
506 3521 583 3582 limis,
599 3520 688 3582 sario,
738 3516 827 3570 which
842 3517 944 3571 Semler
958 3517 1090 3571 considers
1104 3517 1158 3571 this
1172 3536 1232 3586 pas-

191 3604 371 3670 pcrsoraculis,
394 3608 480 3669 aratia
503 3611 579 3668 recta,
595 3606 688 3669 dolata,
736 3620 798 3672 saga
809 3609 853 3656 too
865 3620 899 3657 an
911 3603 1043 3672 example,
1056 3604 1105 3657 but
1118 3603 1131 3656 I
1143 3605 1232 3672 prefer

144 3755 147 3760 Α
195 3691 464 3756 effossa,terchrarum
477 3693 688 3744 cccaoataoerti-
737 3687 784 3742 the
806 3688 907 3742 former
933 3690 1136 3758 interpretation
1164 3690 1231 3745 both

193 3779 253 3842 piae
269 3772 332 3845 (ie.
350 3773 495 3844 rotatione)
514 3779 688 3829 macinarum
737 3775 800 3829 here
807 3775 859 3829 and
866 3776 899 3828 ad
907 3775 990 3828 Uxor.
1000 3793 1018 3828 1.
1026 3778 1050 3828 6.
1071 3777 1230 3846 Romoequi-

132 3889 134 3893 Δ
195 3863 302 3929 halaam
313 3864 343 3916 dc
354 3865 442 3930 planto
448 3879 462 3924 ;
477 3860 567 3915 where
581 3861 688 3916 theuso
737 3864 792 3916 dom
803 3877 865 3930 quoe
872 3864 1017 3930 iynisr'llius
1028 3865 1231 3931 inactinpua'tilis

195 3945 226 4000 of
233 3949 263 4000 dc
274 3964 337 4015 may
347 3948 381 4001 bo
392 3947 505 4002 noticed.
737 3951 874 4016 inopinam
897 3955 1010 4002 tractant
1012 3987 1069 3998 ......
1073 3951 1103 4002 de
1122 3952 1231 4018 oiryr'ui-

246 4030 256 4061 ⁶
280 4034 347 4086 Inde
368 4041 504 4088 caueatur
526 4035 578 4088 Dii
600 4036 687 4088 autri.
738 4039 789 4088 tate
803 4042 949 4100 canentur,
961 4034 1050 4088 which
1066 4034 1168 4088 Semler
1182 4034 1231 4088 has

195 4117 277 4172 From
289 4117 345 4172 this
353 4115 401 4187 (sc.
410 4137 475 4173 auro
483 4127 558 4189 atquo
567 4118 686 4190 oraculo)
736 4119 1080 4176 overlookedinhisindex.
1099 4121 1230 4190 Compare

194 4222 264 4274 your
275 4203 686 4273 godsderiretheirestimation.
736 4205 804 4258 with
826 4205 873 4260 the
896 4207 946 4260 last
969 4225 1077 4276 passage
1102 4225 1123 4261 c.
1148 4211 1173 4260 4.
1196 4206 1229 4259 de

195 4307 220 4344 r.
239 4308 261 4344 c.
277 4291 319 4343 29.
351 4296 416 4354 puto
438 4297 533 4356 autem,
556 4293 600 4345 tce
621 4295 688 4359 ipsoe
738 4289 808 4345 Hab.
822 4291 890 4344 Mul.

194 4379 314 4430 maaria
348 4377 378 4430 do
409 4378 516 4430 metallis
550 4378 687 4432 Cauarum
786 4373 918 4431 “Consta
928 4375 1070 4452 [proinde]
1081 4377 1229 4445 infrendite,

195 4458 374 4526 veniuntffrc.
409 4460 477 4514 This
487 4479 534 4516 use
546 4462 576 4516 of
587 4481 687 4518 consuo
736 4467 882 4531 inspumate
890 4459 978 4534 [aaa]
988 4467 1140 4531 “Olmpt'oe
1151 4479 1229 4527 omer,

195 4547 252 4601 will
281 4553 328 4601 not
357 4547 390 4600 be
415 4545 508 4612 found,
536 4547 549 4600 1
576 4548 686 4615 believe,
739 4549 782 4603 0!
797 4548 856 4614 uc?
