3306 5176
404 327 452 400 86
789 351 1054 404 rnanunnrarvr

272 535 363 646 §pr
404 528 606 616 viditatem,
623 527 709 604 dum
727 529 1176 608 marthoronensem.
1229 531 1275 606 In
1292 529 1442 606 mactilla

251 707 394 726 ...-
405 665 526 730 autem
543 679 613 753 quo
628 656 773 755 ingenio
790 658 1042 757 ambiguitates
1061 666 1262 755 temperent
1282 656 1321 729 in
1338 679 1442 730 even·

408 784 507 864 tus¹²,
535 781 653 856 edunt
679 782 801 868 Groesi,
829 783 947 858 sciunt
973 781 1115 882 Pyrrhi.
1173 782 1340 858 Ceterum
1369 791 1441 854 tes·

409 904 571 980 tudinem
592 905 741 1005 decoqui
765 932 845 982 cum
871 909 1034 984 carnibus
1056 908 1201 1007 pecudis
1229 905 1384 1006 Pythius
1402 932 1446 994 eo

408 1031 514 1106 modo
544 1032 777 1119 renuntiavit,
809 1059 879 1132 quo
909 1059 1015 1133 supra
1046 1035 1223 1121 diximum
1262 1044 1444 1108 momento

408 1158 505 1256 apud
531 1157 688 1257 Lydiam
713 1159 840 1236 fuerat.
893 1160 1073 1236 Habent¹³
1100 1161 1145 1235 de
1170 1160 1328 1236 incolatu
1353 1160 1444 1234 aeris

409 1295 446 1358 et
479 1283 524 1358 de
554 1286 685 1360 vicinia
716 1284 871 1360 siderum
905 1297 943 1360 et
977 1285 1022 1360 de
1055 1287 1261 1360 commercio
1292 1286 1443 1362 nubium

409 1409 566 1485 coelestea
593 1435 713 1509 sapere
742 1422 936 1509 paraturas,
958 1422 1002 1486 ut
1026 1423 1063 1486 et
1087 1411 1235 1510 pluvias,
1259 1437 1346 1509 quas
1365 1414 1441 1508 jam

409 1536 581 1622 sentiunt,
615 1538 876 1635 repromittant.
951 1537 1113 1613 Venefici
1146 1537 1252 1635 plane
1280 1547 1318 1610 et
1353 1537 1444 1611 circa

409 1687 510 1738 curas
535 1662 792 1738 valetudinum.
850 1663 1010 1739 Laedunt
1036 1665 1130 1738 enim
1162 1665 1287 1761 primo,
1315 1660 1445 1737 dehinc

409 1788 566 1862 remedia
590 1789 801 1886 praecipiunt
823 1788 870 1863 ad
891 1787 1100 1862 miraculum
1130 1813 1232 1872 nova,
1262 1788 1334 1862 sive
1363 1810 1445 1860 con-

410 1913 554 2000 traria¹⁴,
579 1923 661 2011 post
684 1937 762 2011 quae
790 1912 960 1989 desinunt
981 1912 1119 2000 laedere,
1145 1923 1182 1986 et
1211 1935 1347 1986 curasse
1371 1935 1443 1984 cre·

410 2036 555 2112 duntur.
608 2036 711 2124 Quid
738 2063 821 2137 ergo
846 2037 891 2112 de
916 2039 1041 2112 ceteris
1068 2039 1222 2136 ingeniis
1251 2037 1308 2112 vel
1333 2037 1442 2110 etiam

410 2163 543 2238 viribus
571 2161 719 2237 fallacia
750 2161 918 2261 spiritalia
948 2162 1166 2238 edisseram?
1194 2160 1446 2261 phantasmata

410 2285 611 2376 Castorum,
647 2300 685 2363 et
717 2313 845 2386 aquam
881 2288 994 2362 cribro
1025 2298 1213 2386 gestatam,
1248 2298 1286 2360 et
1319 2311 1444 2362 navem

409 2414 552 2512 cingulo
583 2423 792 2512 promotam,
825 2423 864 2488 et
896 2414 1039 2488 barbam
1073 2423 1172 2488 tactu
1205 2410 1443 2498 irrufatam¹³;

405 2603 774 2674 informationasprophecy.
807 2603 901 2658 Ihave
950 2621 1018 2657 rare.
1049 2601 1102 2656 For
1118 2602 1165 2657 the
1180 2599 1446 2657 teatadoseeHercd.

406 2689 551 2746 elsewhere
565 2689 708 2746 remarked
720 2706 756 2745 on
769 2688 816 2744 tha
830 2707 902 2744 com·
951 2687 1020 2756 clio,
1031 2689 1074 2750 47.

406 2773 900 2844 monuseofda’apoaointhissense:
1001 2773 1446 2844 ”totemmpcrasccfflffluem

406 2879 531 2932 compare
545 2860 689 2930 especially
699 2879 722 2916 c.
733 2863 776 2916 41.
809 2863 903 2916 admit·
950 2872 1070 2924 maanus
1090 2871 1179 2935 edissa
1206 2869 1255 2924 i.e.
1281 2857 1394 2940 ἔχομεν.
1417 2871 1448 2924 de

406 2953 453 3005 cita
477 2952 556 3016 priate
578 2950 752 3016 ammana
776 2950 833 3015 01¹²oe
852 2943 902 3015 (⁸0·
950 2957 1064 3010 incolatu
1074 2955 1212 3020 uariata.
1222 2962 1365 3025 propterea
1375 2955 1448 3024 quod

407 3032 474 3106 Dei)
486 3040 511 3090 et
521 3051 575 3088 aon
585 3035 767 3102 retorqroetitc‘a.
785 3031 799 3085 1
812 3031 902 3086 would
950 3039 1072 3094 incolunt
1081 3057 1144 3094 aera
1150 3057 1159 3106 ;
1172 3043 1446 3110 calceamentorum

407 3120 490 3176 make
505 3121 651 3176 umanum
664 3121 843 3172 rmaoatilus
857 3117 904 3172 the
952 3125 1005 3180 i.e.
1034 3125 1100 3194 quid
1119 3125 1149 3180 in
1169 3125 1237 3180 coelo
1256 3132 1375 3196 paretur.
1412 3126 1446 3180 So

406 3205 460 3263 ahl.
479 3205 552 3272 ahr.;
575 3203 622 3260 the
642 3201 757 3258 allusion
776 3203 857 3273 being
874 3209 903 3258 to
953 3211 1017 3266 AEn.
1028 3229 1054 3266 v.
1067 3215 1108 3266 14.
1147 3213 1220 3276 Quid
1231 3219 1306 3281 pater
1321 3213 1447 3280 Neptuno

406 3291 454 3348 the
469 3291 561 3362 public
578 3290 689 3360 reading
706 3289 737 3346 ot
750 3288 798 3344 the
817 3289 903 3360 Scrip-
949 3295 1292 3366 pam2andGe.1.429.
1316 3304 1447 3366 parmam

407 3385 490 3445 turea,
499 3395 527 3432 so
539 3377 628 3432 before
639 3393 662 3432 ο·
673 3380 716 3444 18,
723 3379 768 3432 ved
777 3385 802 3432 et
810 3378 903 3430 Μαί
951 3384 975 3438 is
986 3399 1110 3438 common
1120 3383 1151 3436 in
1158 3383 1213 3437 this
1223 3383 1329 3449 author,
1340 3382 1447 3453 though

403 3467 634 3531 nautaticum
647 3462 811 3518 thereisnot
819 3461 902 3516 much
951 3468 1066 3538 perhaps
1093 3468 1212 3538 peculias
1233 3475 1262 3524 to
1287 3467 1355 3534 him,
1377 3469 1401 3523 it
1422 3470 1449 3525 is

407 3551 550 3606 difference
571 3550 694 3604 between
716 3557 828 3616 carpunt
849 3547 903 3602 and
950 3560 1043 3623 pretty
1052 3553 1148 3623 nearly
1158 3553 1353 3623 equivalentto
1367 3573 1447 3624 appu-

407 3643 567 3704 aeceperuut.
612 3637 735 3703 cumdem
761 3640 903 3700 temporum
951 3647 1034 3696 ratae.
1051 3638 1209 3692 vadato.

407 3721 903 3788 rortea,i.e.temporaeventuumnon
1001 3723 1022 3754 ¹⁴
1039 3743 1105 3780 noua
1119 3727 1171 3778 aiva
1189 3727 1320 3778 matram
1336 3727 1446 3779 macuta

407 3805 554 3860 nullorum.
586 3808 595 3834 ‘
603 3804 645 3870 So,
657 3802 768 3873 picking
781 3820 818 3870 up
832 3801 902 3856 from
951 3809 1134 3863 areremedies
1142 3807 1228 3862 either
1236 3808 1352 3878 entirely
1358 3809 1446 3875 novel,

407 3889 463 3948 thia
478 3897 587 3960 quarter
605 3890 652 3945 tha
670 3887 830 3956 knowledge
845 3887 877 3940 of
886 3904 903 3942 a
952 3911 983 3949 or
1016 3895 1124 3965 exactly
1155 3900 1281 3963 contrary
1312 3895 1342 3948 in
1375 3894 1448 3948 their

406 3978 461 4032 few
470 3976 570 4031 chance
581 3981 681 4041 events,
692 3974 760 4043 they
770 3971 851 4026 make
864 3991 902 4042 up
950 3987 1047 4036 mrum
1054 3986 1083 4035 ω
1091 3979 1167 4034 those
1178 3979 1325 4049 ordinarily
1332 3980 1447 4050 adopted

335 4133 337 4138 ,
407 4079 424 4120 a
443 4061 524 4118 mock
544 4062 659 4130 divinity
678 4059 721 4114 for
743 4058 903 4114 themselves
950 4068 981 4122 iu
999 4066 1056 4122 like
1076 4083 1156 4131 mes,
1174 4082 1203 4120 ao
1223 4064 1284 4119 that
1302 4065 1350 4120 the
1368 4066 1447 4120 effect

407 4149 445 4219 by
454 4147 569 4217 sterling
579 4145 732 4216 prophecy.’
951 4169 1015 4221 may
1035 4169 1108 4206 seem
1124 4167 1199 4206 more
1217 4151 1380 4206 miraculous
1398 4148 1447 4221 (ad

456 4233 477 4268 ¹⁸
495 4234 650 4290 Lactantius
680 4227 762 4302 (lnst.
785 4233 848 4288 Div.
871 4251 901 4286 11.
951 4237 1129 4312 miraevalam.)

407 4320 464 4394 15.)
482 4320 531 4376 has
550 4319 643 4388 copied
660 4317 707 4374 the
724 4318 856 4389 language
871 4336 902 4374 aa
1001 4322 1022 4354 ²⁵
1049 4327 1219 4394 irrufatam
1270 4325 1303 4380 So
1336 4323 1447 4378 Tacitus

406 4407 469 4464 well
483 4424 513 4462 as
531 4404 580 4460 the
597 4409 748 4473 argument,
765 4407 845 4459 toloni
861 4421 902 4458 re·
950 4409 1047 4479 speaks
1057 4409 1088 4465 οἱ
1101 4414 1239 4466 cartilatum
1249 4415 1347 4466 crinem
1359 4405 1445 4480 (Hist.

405 4509 498 4560 apansa
513 4495 544 4544 ia
561 4491 690 4558 matteum
708 4493 794 4546 eattae
811 4497 901 4558 tempe
951 4513 987 4550 ιν.
995 4491 1051 4566 61).
1067 4495 1245 4566 Apuleiua‚in
1256 4495 1446 4566 tharlpology,
