3306 5176
405 327 453 411 74
792 356 1058 408 rnanuunraur

278 542 355 650 {134}
404 541 529 617 torem,
555 533 682 606 autin
709 557 834 608 aurum
861 555 1089 608 conversum:
1124 533 1226 608 Jovis
1252 533 1347 612 enim
1371 534 1443 610 ista

246 667 490 756 ···-··sunt
521 659 671 732 numina
700 660 821 733 vestri.
883 659 1050 736 Ceterum
1085 659 1143 734 dei
1177 659 1273 736 filius
1303 658 1440 736 nullum

403 781 449 856 de
469 781 694 880 impudicitia
717 781 827 858 habet
848 794 1011 870 matrem,
1035 785 1143 858 etiarn
1167 809 1273 881 quam
1299 783 1441 860 videtur

403 905 532 988 habere
556 933 628 981 non
652 920 831 1006 nupserat.
880 909 950 984 Sed
976 911 1074 1008 prius
1094 911 1330 986 substantiam
1353 907 1441 985 edis·

404 1057 527 1118 seram,
544 1043 582 1106 et
606 1034 659 1106 ita
683 1034 884 1110 nativitatis
910 1033 1062 1131 qualitas
1087 1033 1321 1131 intelligetur.
1356 1033 1440 1109 Jam

404 1157 580 1232 ediximus
601 1157 707 1232 deum
728 1159 998 1234 universitatem
1019 1158 1111 1236 hane
1133 1159 1260 1236 mundi
1276 1160 1380 1238 verbo
1404 1171 1441 1234 at

403 1283 541 1358 ratione
563 1293 600 1358 et
620 1285 754 1358 virtute
776 1284 953 1360 molitum.
1005 1284 1121 1382 Apud
1144 1296 1276 1362 vestros
1300 1309 1439 1381 quoque

403 1408 579 1505 sapientes
605 1407 723 1502 λόγον,
752 1408 871 1484 idest
898 1435 1093 1484 sermonem
1120 1420 1227 1507 atque
1248 1411 1439 1494 rationem,

403 1542 540 1608 oonstat
565 1535 735 1608 artificem
760 1533 873 1608 videri
900 1535 1153 1612 universitatis.
1206 1536 1316 1612 Huua
1345 1536 1440 1612 euim

403 1656 506 1732 Zeno
527 1658 743 1734 determinat
763 1659 1013 1744 factitatorem,
1034 1662 1096 1758 qui
1117 1671 1244 1736 cuneta
1263 1661 1302 1734 in
1325 1659 1442 1756 dispo-

403 1782 560 1856 sitione¹²
590 1781 805 1869 formaverit,
836 1785 993 1860 ‘eundem
1025 1795 1063 1860 et
1098 1784 1211 1862 fatum
1246 1784 1370 1869 venari,
1403 1793 1441 1856 et

402 1905 509 1982 deum
531 1918 568 1982 et
584 1909 742 1984 animum
759 1908 784 1984 J
788 1910 873 1996 ovis,
889 1919 926 1986 et
943 1910 1189 1987 nenessitatem
1210 1910 1369 1988 omnium
1386 1933 1440 1980 re·

400 2057 491 2108 rum.
543 2031 636 2110 Haee
657 2031 852 2110 Cleanthes
872 2035 911 2110 in
928 2035 1094 2132 spiritum
1115 2034 1274 2132 congerit
1281 2037 1313 2118 ¹³,
1334 2057 1438 2130 quem

400 2171 654 2257 permeatorem
683 2161 927 2236 universitatis
954 2161 1117 2238 affirmat.
1164 2158 1218 2240 Et
1240 2184 1303 2235 nos
1328 2159 1438 2235 etiam

405 2287 558 2360 sermoni
593 2297 700 2384 atque
732 2286 863 2362 rationi
900 2287 1059 2386 itemque
1094 2285 1233 2370 virtuti,
1266 2310 1329 2382 per
1363 2309 1440 2381 quae

399 2413 519 2486 omnia
550 2413 715 2488 molitum
753 2413 860 2488 deum
897 2413 1085 2498 ediximus,
1119 2413 1294 2510 proprium
1303 2406 1328 2443 ¹⁴
1359 2411 1440 2482 sub-

401 2537 570 2610 stantiam
597 2539 761 2636 spiritum
793 2538 1028 2617 inscribimus,
1056 2538 1113 2610 oui
1142 2547 1179 2609 et
1207 2560 1320 2632 sermo
1349 2536 1437 2608 insit

400 2663 658 2758 pronuntianti,
674 2674 711 2737 et
725 2663 817 2736 ratio
832 2662 927 2736 adsit
941 2662 1155 2759 disponenti,
1170 2672 1207 2734 et
1222 2662 1335 2734 virtus
1349 2685 1437 2757 prae·

402 2787 450 2860 sit
476 2787 683 2886 perficienti.
732 2789 843 2861 Hune
866 2813 911 2861 ex
937 2788 1003 2862 deo
1028 2787 1205 2885 prolatum
1235 2785 1436 2870 didicimus,

311 2942 317 2949 ·
402 2923 439 2988 et
468 2912 664 3010 prolatione
692 2922 913 3012 generatum,
946 2923 983 2986 et
1011 2913 1135 2993 iooiroo
1166 2910 1282 2984 filium
1316 2910 1375 2983 dei
1402 2919 1439 2986 et

400 3037 507 3111 deum
526 3036 663 3110 dietum
685 3062 731 3110 ex
752 3038 891 3110 unitate
912 3037 1129 3110 substantia.
1176 3021 1334 3109 Namet
1354 3035 1440 3108 deus

451 3283 473 3314 ¹²
488 3287 657 3354 disponam
670 3285 896 3353 dieporrounddis-
945 3289 971 3351 8,
983 3287 1009 3352 9,
1021 3287 1064 3351 13,
1076 3288 1119 3352 19,
1131 3288 1173 3352 21,
1185 3287 1228 3352 26,
1241 3293 1268 3339 et
1284 3283 1405 3340 Laetant-
1415 3286 1442 3342 4.

396 3372 724 3442 positioareexprassions
732 3371 763 3426 of
771 3371 896 3442 frequent
945 3374 987 3428 29.
1034 3371 1221 3428 Tertullianus
1251 3368 1296 3424 hia
1329 3368 1442 3436 probare

400 3472 557 3511 oeomrenee
569 3474 605 3512 on
621 3457 669 3512 the
680 3457 785 3526 subject
796 3457 827 3512 of
841 3474 896 3510 eos·
944 3457 1099 3527 aggredimur
1112 3457 1200 3525 primo
1217 3453 1370 3510 substantie
1381 3453 1442 3509 uui-

400 3557 526 3610 mogony,
548 3541 615 3596 both
637 3543 667 3595 in
689 3541 817 3597 christian
843 3542 896 3596 and
944 3549 1029 3602 tatem
1050 3541 1176 3610 exemplo
1198 3540 1261 3596 solis
1280 3556 1344 3594 oum
1366 3538 1441 3595 radio

400 3625 517 3680 heathen
528 3629 640 3682 writers.
659 3627 707 3681 See
719 3627 809 3682 before
821 3646 844 3682 e.
855 3626 896 3686 17.
945 3645 1004 3694 suo,
1037 3627 1133 3682 deinde
1164 3642 1338 3696 personarum
1366 3624 1442 3679 diffe-

450 3708 471 3742 ²³
488 3715 703 3778 HaeoClaoothes,
716 3711 766 3766 &a
785 3711 897 3766 “These
945 3715 1069 3780 rentiam,
1104 3711 1230 3781 exemplo
1264 3711 1376 3766 luminis
1406 3710 1440 3764 de

400 3797 488 3852 offioea
506 3797 649 3853 Cleanthes
665 3798 846 3852 accumulates
863 3815 899 3851 on
946 3799 1058 3858 lumine.
1101 3799 1143 3854 Sia
1163 3799 1246 3868 igitur
1265 3796 1395 3866 legendus
1414 3802 1442 3850 et

399 3900 417 3937 a
431 3885 533 3937 oertoin
547 3885 633 3954 spirit,
649 3882 739 3937 whioh
753 3883 788 3936 ha
803 3883 897 3937 makes
945 3885 1148 3954 distinguendus
1163 3883 1233 3938 milri
1247 3882 1356 3938 videtur
1369 3888 1442 3938 totus

400 3973 428 4023 to
446 3969 561 4036 pervade
579 3967 627 4023 the
649 3967 798 4022 universe.''
837 3987 897 4036 par-
944 3969 1147 4035 hiolomrs-ut,
1162 3987 1222 4024 oum
1235 3971 1370 4024 radiasse
1383 3985 1440 4035 ap.

399 4061 535 4109 mouturam
542 4072 557 4116 ;
581 4053 638 4108 like
654 4053 702 4108 the
716 4072 790 4108 oreos
803 4057 897 4124 infuso
941 4060 1026 4125 portio
1038 4053 1087 4126 (so.
1099 4055 1153 4130 est)
1162 4073 1195 4112 aa
1206 4073 1308 4112 summo
1316 4071 1329 4116 ,·
1347 4055 1444 4110 aadSol

400 4143 432 4198 of
440 4139 536 4210 virgil.
945 4147 994 4198 erit
996 4180 1054 4192 ......
1058 4143 1234 4210 expanditur:
1260 4143 1299 4195 ita
1316 4143 1347 4194 da
1366 4141 1393 4196 S.
1412 4139 1441 4203 S,

450 4225 471 4258 ²⁴
487 4225 639 4298 [propriam
650 4226 836 4292 substantiam,
845 4227 864 4280 i.
873 4245 896 4281 a.
944 4235 969 4282 at
988 4230 1019 4281 de
1038 4229 1094 4282 Deo
1115 4230 1199 4292 Deua
1219 4234 1250 4282 ut
1266 4228 1355 4280 lumen
1377 4226 1408 4278 de
1425 4225 1442 4276 l.

400 4315 467 4375 ἰδίαν
487 4312 583 4372 nisius
604 4318 637 4366 ut
656 4312 722 4366 dieit
742 4311 844 4382 Origen
866 4315 896 4368 in
945 4330 1105 4374 occanum
1138 4321 1225 4368 munet
1227 4351 1286 4364 ......
1290 4311 1438 4366 mutuaris:

400 4412 445 4466 do.
456 4429 483 4480 p.
494 4412 537 4464 56.
548 4426 584 4464 so.
596 4405 763 4464 ὑπόστασιν.
786 4408 897 4464 Etcum
945 4402 984 4454 ila
994 4405 1018 4452 el
1029 4402 1106 4467 wod»
1107 4438 1155 4452 .....
1158 4418 1231 4458 uuus
1241 4401 1330 4458 omdo;
1342 4396 1441 4450 nando

402 4505 509 4570 radius,·
533 4521 558 4558 v.
574 4503 633 4558 adv.
651 4503 782 4569 Praxean,
794 4521 816 4556 c.
831 4505 857 4566 2,
871 4503 897 4566 3,
946 4482 1030 4552 -A.]
