3300 5180
497 357 614 407 monn
640 355 947 408 anonoonmcos.
1165 338 1232 407 121

199 535 246 611 de
268 561 358 610 novo
384 536 520 612 Gaesare
542 547 704 632 optare.¹
733 534 803 609 Sed
831 535 969 634 vulgus,
999 535 1131 632 inquis.
1184 534 1237 608 Ut
1270 549 1370 658 xcxtfq

198 662 338 761 vulgus,
365 673 485 736 tamen
514 661 684 746 Romani,
711 686 776 735 nee
803 659 870 734 ulli
896 661 1009 758 magis
1038 657 1238 757 depostula—
1251 700 1392 710 --—

200 800 293 874 tores
322 784 616 871 Christianorum,
647 811 753 883 quam
779 785 918 882 vulgus.
969 780 1104 858 Plane⁸
1130 785 1238 858 ceteri

200 912 341 986 ordines
360 937 422 1008 pro
444 911 653 984 auctoritate
674 909 831 1008 religiosi
856 935 900 982 ex
923 909 1016 996 fide3
1042 907 1135 982 nihil
1159 908 1239 982 hor-

201 1038 312 1110 ticum
348 1035 393 1110 de
423 1037 500 1132 ipso
533 1046 670 1120 senatu,
703 1034 749 1108 de
782 1035 913 1131 equite,
951 1033 995 1106 de
1026 1034 1159 1120 eastris,
1192 1033 1238 1107 de

202 1162 346 1260 palatiis
379 1162 466 1260 ipsis
500 1163 622 1259 spirat.
686 1160 799 1234 Unde
831 1158 957 1246 Cassii,
991 1170 1028 1234 et
1057 1158 1167 1258 Nigri
1201 1172 1239 1234 et

202 1286 362 1361 Albini?
388 1287 484 1362 uude
514 1288 576 1384 qui
601 1288 696 1360 inter
721 1287 809 1360 duas
833 1287 954 1360 laurus
980 1285 1143 1360 obsident
1166 1287 1241 1360 Oae-

203 1417 345 1489 sarem?
378 1413 564 1510 undequi
595 1412 755 1488 faucibus
790 1416 866 1508 ejus
899 1411 1155 1510 exprimendis⁹
1180 1437 1241 1510 pa-
1308 1509 1312 1518 Ι

203 1541 388 1614 laestrioam
427 1541 618 1614 exercent?
660 1539 756 1612 unde
797 1541 859 1636 qui
901 1541 1028 1612 armati
1066 1538 1240 1638 palatium

202 1669 418 1765 irrumpunt,
442 1666 605 1740 omnibus
632 1664 778 1764 Sigeriis
806 1676 914 1761 atque
942 1663 1149 1738 Partheniis
1180 1689 1242 1738 au-

204 1793 387 1866 daciores?
440 1789 503 1863 De
521 1789 708 1874 Romanis,
728 1790 798 1862 nisi
815 1788 929 1874 fallor,
953 1789 991 1862 id
1013 1800 1078 1873 ert,
1101 1814 1172 1862 non
1196 1789 1241 1864 de

205 1915 430 1993 Christianis.
476 1915 600 2010 Atque
620 1913 708 1987 adeo
728 1938 849 1986 omnes
868 1913 924 1986 illi
947 1915 1012 1987 sub
1034 1915 1111 2012 ipsa
1130 1939 1241 2011 usque

203 2041 399 2139 impietatis
429 2039 614 2136 eruptione
643 2049 681 2112 et
696 2059 806 2122 saera
831 2037 1008 2112 faciebant
1034 2063 1098 2136 pro
1128 2037 1242 2114 salute

203 2167 436 2264 imperatoris,
468 2175 505 2238 et
529 2164 676 2261 genium
702 2166 778 2259 ejus
808 2162 1025 2258 dejerabant,
1057 2162 1119 2236 alii
1146 2161 1241 2249 foris,

205 2291 267 2364 alii
298 2291 407 2374 intus,
438 2299 475 2362 et
506 2288 633 2383 utique
667 2287 886 2384 publicorum
922 2284 1077 2360 hostium
1114 2311 1242 2360 nomen

206 2415 418 2490 Christianis
433 2413 585 2494 dabant.
639 2411 710 2486 Sed
737 2423 773 2486 et
800 2413 862 2509 qui
890 2438 998 2516 mum¹
1015 2411 1241 2494 scelestarum

201 2543 359 2640 partium
392 2541 477 2615 socii
511 2550 575 2614 aut
612 2538 792 2636 plausores
829 2538 991 2636 quotidie
1028 2537 1241 2624 revelantur,

202 2679 283 2766 post
306 2665 520 2740 vindemiam
540 2662 792 2763 parricidarum
814 2667 1031 2739 racematio¹⁰
1053 2675 1241 2764 superstes,

206 2818 311 2888 quam
333 2792 610 2866 recentissimis¹¹
638 2801 675 2865 et
699 2792 944 2865 ramosissimis
969 2792 1098 2867 laureis
1125 2802 1242 2889 postes

253 3049 366 3104 ⁸Ploaa
376 3053 452 3104 ceteri
462 3046 637 3113 ordines,&c.
672 3049 700 3103 lt
799 3048 820 3078 ¹⁰
835 3054 971 3104 rooemots'o
982 3067 996 3112 ;
1026 3052 1102 3105 “the
1119 3051 1245 3120 gleaning

201 3154 288 3192 seems
303 3142 409 3204 strange
420 3134 480 3189 that
494 3151 548 3203 any
560 3151 610 3188 one
621 3134 701 3188 oould
748 3134 809 3188 that
830 3136 947 3190 remeius
965 3135 996 3189 of
1015 3135 1062 3190 the
1082 3137 1243 3204 morderem,

202 3221 321 3292 possibly
344 3219 471 3274 overlook
499 3219 547 3273 the
572 3220 651 3288 irony
673 3218 704 3273 of
747 3220 818 3274 after
834 3220 881 3274 the
899 3220 1008 3290 general
1026 3221 1134 3276 harvest
1141 3221 1166 3288 ;'’
1190 3222 1208 3276 i.
1220 3239 1244 3275 e.

203 3307 258 3362 this
271 3325 389 3376 passage,
405 3313 452 3376 yet
464 3304 599 3360 Mosheim
614 3306 644 3358 in
658 3304 701 3358 his
749 3307 818 3360 after
832 3306 879 3360 the
893 3307 1037 3375 principale
1047 3306 1101 3362 hod
1115 3308 1183 3362 beon
1193 3315 1244 3376 put

204 3393 385 3464 Disquisition
396 3392 556 3461 oonoerning
566 3390 614 3445 the
625 3390 702 3444 ohro-
750 3397 778 3446 to
790 3391 886 3452 doeth.¹
905 3392 965 3446 The
976 3392 1117 3462 metaphor
1127 3393 1151 3446 is
1161 3393 1244 3448 taken

203 3479 304 3550 uology
328 3478 359 3533 of
378 3478 433 3532 this
455 3478 561 3532 treatise
584 3477 633 3531 has
654 3482 702 3530 not
750 3477 821 3530 from
838 3476 886 3532 the
905 3478 1043 3547 vineyard,
1061 3477 1150 3532 where
1173 3496 1244 3534 roae

202 3566 270 3635 only
289 3565 400 3635 gravely
417 3563 518 3633 quoted
535 3563 582 3617 the
601 3561 701 3617 several
749 3567 828 3618 motio
839 3563 975 3618 answered
986 3569 1014 3618 to
1029 3563 1075 3617 tho
1086 3567 1243 3634 spiotleytom

205 3653 346 3706 assertione
372 3669 403 3704 ns
431 3650 540 3716 serious,
568 3649 619 3704 but
652 3647 701 3704 hus
749 3647 780 3702 of
791 3646 838 3702 the
850 3665 913 3702 corn
925 3647 997 3719 field.
1030 3649 1155 3704 sortiund
1165 3652 1243 3718 ploa-

205 3738 324 3806 aotuelly
340 3736 447 3805 applied
466 3738 590 3790 Maleum
607 3740 635 3790 to
653 3733 700 3788 tha
748 3752 817 3788 sorae
833 3751 878 3788 are
895 3733 971 3788 those
988 3735 1132 3789 eonoemed
1148 3736 1178 3790 in
1194 3737 1241 3791 tho

208 3821 355 3878 Christiano
368 3822 472 3877 instead
486 3821 517 3876 of
530 3820 578 3875 the
592 3820 699 3875 Caesars.
748 3821 902 3890 enterprise,
917 3837 948 3874 οι·
961 3819 1023 3874 well
1037 3821 1150 3876 affected
1166 3828 1194 3878 to
1209 3824 1241 3888 it,

207 3912 290 3964 Plane
323 3926 489 3963 commences
521 3925 558 3962 an
590 3905 701 3962 ironioal
749 3895 811 3962 who
822 3923 892 3960 were
903 3905 956 3974 day
966 3905 1035 3960 after
1045 3907 1097 3976 day
1106 3906 1241 3978 (quotidie)

206 4001 349 4064 argument
366 3995 395 4048 in
412 4013 434 4050 o.
454 3998 496 4048 15.
509 3997 587 4061 plone
603 3995 701 4061 rdipio
748 3992 897 4060 eomingto
910 3991 988 4061 light
1020 3995 1243 4060 mutilatorum.

206 4085 285 4135 riores
307 4083 368 4134 estis
389 4083 419 4132 in
441 4098 533 4146 eonem
562 4079 616 4133 and
636 4077 702 4132 else·
749 4077 929 4143 illustrabant,
950 4078 1040 4132 others
1062 4079 1152 4134 would
1179 4079 1242 4134 read

205 4166 306 4220 where.
749 4166 907 4230 aobilobont,
922 4166 1077 4234 eomparing
1095 4164 1202 4219 Persius
1215 4182 1242 4218 r.

257 4249 268 4281 ⁹
293 4253 465 4318 exprimendis
495 4251 518 4305 is
546 4249 701 4320 equivalent
750 4253 809 4303 181.

206 4344 235 4392 to
258 4339 386 4392 oltdmtdir.
421 4339 450 4390 da
470 4338 598 4391 Romanis
618 4338 646 4389 td
663 4353 699 4390 se.
800 4332 1017 4390 ”recentissimis
1045 4353 1136 4390 means
1165 4339 1243 4404 ‘par-

203 4425 702 4493 yenurtomtoom‚r.o.44.daoestris
751 4419 876 4490 tiordmly
903 4421 976 4476 fresh
1005 4422 1057 4476 and
1088 4420 1186 4490 green,'
1214 4427 1242 4475 to

205 4506 701 4579 semper,&o.forotqoaodaoseep.82.
751 4505 824 4560 shew
846 4506 917 4562 their
941 4505 1103 4562 unbounded
1130 4505 1242 4576 loyalty.
