3300 5180
514 387 631 436 crena
656 384 961 436 aronoosmcus.
1183 366 1253 434 155

212 569 252 642 in
281 565 413 640 honore
441 568 623 666 sapientiae
653 569 878 665 perseverant
905 563 999 664 apud
1031 589 1102 638 vos.
1153 564 1255 651 Quid
1294 573 1391 682 fpvl'f

215 693 302 767 adeo
322 693 438 767 simile
460 693 690 792 philosophus
712 704 750 767 et
767 692 1003 777 Christianus
1021 691 1169 765 Graeciae
1186 689 1257 763 dis·
1275 723 1417 734 --·-

213 820 354 918 cipplns
371 835 407 894 et
426 820 515 905 coeli,
532 820 634 893 famae
650 823 850 918 negotiator
867 834 906 892 et
922 818 1059 904 salutis,
1070 819 1255 892 verborum

213 957 253 1020 et
270 946 443 1021 factorum
461 944 632 1045 operator,
649 971 765 1020 rerum
788 946 977 1019 aedificator
993 956 1030 1017 et
1044 939 1256 1028 destructor,

215 1072 446 1170 interpolator
473 1074 597 1146 erroris
628 1083 667 1146 et
698 1073 896 1170 integrator
920 1069 1092 1155 veritatis,
1123 1067 1259 1142 furator

217 1199 294 1292 ejus
318 1208 355 1270 et
377 1209 512 1272 custos.
549 1222 552 1230 ·

291 1319 468 1397 XLVII.
506 1321 661 1396 -Adhuc¹
685 1324 781 1395 enim
798 1321 888 1394 mihi
907 1322 1045 1420 proficit
1062 1321 1258 1415 antiquitas
1271 1346 1389 1396 svenne

217 1457 423 1545 praestructa
454 1446 582 1520 diviuae
609 1447 838 1532 litteraturas,
859 1463 935 1544 ‘quo
962 1445 1065 1518 facile
1097 1420 1421 1572 ⁰¹⁹d³t¹¹fiiiliiiih

218 1573 425 1648 thesaurum
456 1599 532 1646 eam
560 1571 668 1646 fuisse
693 1572 877 1670 posteriori
908 1571 1035 1668 cuique
1066 1569 1258 1668 sapientia.
1271 1583 1423 1711 pppmoep-ake,

219 1697 273 1772 Et
295 1701 324 1772 ri
344 1723 416 1771 non
442 1723 529 1772 onus
548 1701 623 1793 jam
646 1696 839 1802 reluminis
862 1709 1092 1794 temperarem
1101 1701 1124 1780 ²,
1150 1695 1423 1818 et12m5„33‘23,{,}⁰

220 1847 438 1897 excurrerem
455 1823 492 1894 in
511 1821 602 1896 hane
619 1847 757 1920 quoqne
775 1823 1029 1920 probationem.
1069 1817 1162 1906 Quis
1179 1845 1260 1918 poe·
1271 1817 1398 1925 mg·

220 1959 349 2032 tarum,
374 1947 453 2043 quis
480 1945 727 2044 sophistarum,
754 1947 911 2042 quinon
938 1945 983 2019 de
1008 1943 1260 2042 prophetarum

220 2073 319 2146 fonte
342 2073 546 2170 potaverit?
608 2067 707 2142 Inde·
724 2069 837 2168 igitur
858 2065 1061 2168 philosophi
1085 2069 1183 2142 sitim
1207 2068 1262 2140 in-

220 2198 318 2296 genii
339 2197 394 2272 sui
416 2197 646 2294 rigaverunt,
673 2179 754 2270 nam
779 2174 863 2291 quia
882 2194 1042 2291 quasdam
1066 2193 1111 2267 de
1132 2193 1261 2268 nostris

221 2322 365 2408 habent,
383 2349 424 2396 ea
442 2333 585 2420 propter
601 2345 665 2394 nos
689 2325 911 2418 comparant³
931 2319 1016 2392 illis.
1069 2317 1170 2403 Inde,
1188 2319 1263 2416 opi-

124 2467 125 2472 ’
158 2494 159 2498 =
216 2471 297 2533 nor,
330 2459 368 2522 et
401 2473 422 2520 a
454 2443 664 2544 quibusdam
699 2443 923 2542 philosophia
949 2445 1088 2542 legibus
1124 2469 1262 2541 quoqne

223 2575 334 2669 ejecta
353 2583 417 2656 est,
439 2597 459 2644 a
480 2568 663 2644 Thebanis
683 2571 772 2656 dico,
793 2593 814 2642 a
837 2568 1026 2667 Spartiatis
1048 2581 1085 2642 et
1102 2568 1261 2666 Argivis.

224 2696 328 2770 Dum
360 2695 406 2770 ad
428 2707 549 2770 nostra
581 2705 756 2770 conantur
787 2706 824 2767 et
849 2693 1019 2780 ¹homiues
1048 2691 1196 2790 gloriae⁴,
1221 2704 1263 2766 ut

223 2819 390 2905 diximus,
411 2831 448 2892 et
474 2820 684 2917 eloquentiae
704 2818 813 2891 solius
835 2817 1029 2915 libidinosi,
1060 2818 1089 2889 si
1115 2816 1202 2913 quid
1224 2817 1263 2888 in

223 2945 353 3019 sanctis
378 2945 603 3022 offenderunt
634 2945 794 3042 digestis,
828 2943 957 3018 exinde
989 2959 1166 3040 regestum
1201 2968 1264 3040 pro

224 3072 393 3145 instituto
427 3071 640 3144 curiositatis
674 3069 719 3144 ad
753 3071 893 3167 propria
925 3079 1119 3152 verterunt,
1149 3091 1265 3164 neque

225 3195 311 3268 satis
331 3195 512 3268 credentes
535 3195 657 3267 divina
676 3219 761 3280 esse,
778 3219 847 3292 quo
865 3193 982 3266 minus
998 3189 1266 3290 interpolarent,

224 3345 340 3417 neque
365 3321 450 3394 satis
473 3319 727 3416 intelligentes,
751 3329 793 3390 ut
814 3316 931 3390 adhuc
956 3329 1043 3390 tunc
1066 3316 1266 3402 subnubila,

225 3447 332 3520 etiam
358 3447 445 3544 ipsis
467 3445 605 3519 Judaeis
630 3445 849 3529 obumbrata,
876 3465 1025 3542 quorum
1051 3443 1192 3540 propria
1215 3443 1267 3514 vi-

239 3733 242 3742 ,
276 3683 395 3740 XLVII.
427 3684 437 3716 ²
462 3687 554 3739 Adbuc
573 3687 651 3750 enim,
671 3682 722 3738 &a
770 3686 1039 3752 temporationem
1062 3682 1269 3738 ‘Iehouldrun

225 3771 315 3838 “For,
334 3773 364 3826 in
386 3772 501 3842 prosing
520 3771 594 3825 what
616 3771 630 3823 1
653 3769 723 3825 hare
770 3769 1007 3839 outintoaprool
1014 3769 1045 3823 of
1053 3768 1268 3834 thisassertion3'

225 3857 368 3924 edranoed,
383 3857 431 3913 the
449 3857 571 3928 superior
587 3857 723 3926 antiqnity
771 3855 919 3910 -enother
944 3855 1056 3926 reading
1082 3856 1106 3910 is
1132 3849 1187 3910 ledo
1207 3871 1270 3923 pro·

225 3943 257 3998 oi
270 3943 317 3998 the
326 3944 476 4014 Scriptores
492 3943 582 4018 which
601 3943 615 3997 I
632 3941 723 3996 before
772 3944 910 4007 ῠιιὸαιὶοιιε,
936 3941 1027 3996 which
1054 3940 1145 3996 would
1173 3957 1268 3994 mean:

226 4029 395 4095 established,
406 4032 430 4084 is
441 4049 459 4084 a
472 4027 631 4084 serviceable
644 4045 723 4097 argn-
773 4027 813 4079 “I
835 4022 994 4092 shonldjssin
1018 4027 1193 4096 eeteblishing
1214 4025 1271 4080 this

227 4121 305 4171 ment
321 4121 350 4170 to
365 4115 435 4170 me.”
771 4112 858 4181 proof,
878 4113 961 4167 make
983 4129 1000 4168 a
1022 4109 1201 4168 considerable
1229 4111 1270 4164 di·

222 4237 226 4248 ·
279 4198 374 4256 'onon
391 4209 537 4269 tenpercra.
579 4200 613 4254 ln
629 4199 725 4254 earlier
773 4198 916 4268 gresdom'

222 4287 310 4342 Latin
324 4285 380 4341 this
396 4285 486 4340 would
502 4303 578 4342 more
594 4285 725 4355 probably
772 4311 776 4318 »
824 4281 1024 4353 ³-oompcrcot,·
1041 4301 1076 4338 se
1089 4283 1218 4338 nationes.

228 4371 297 4428 have
314 4371 383 4427 been
400 4376 491 4434 ortem
515 4373 566 4427 but
584 4372 631 4427 the
647 4388 726 4426 accu-
824 4369 835 4400 ⁴
850 4373 964 4425 homines
977 4373 1067 4441 pierio
1082 4377 1113 4424 ct
1129 4371 1246 4422 demus
1254 4385 1269 4430 5

228 4459 314 4514 sative
331 4459 356 4512 is
373 4456 431 4512 like
453 4464 593 4525 temperare
613 4465 725 4522 sordue,
773 4471 897 4525 compare
921 4455 969 4510 the
987 4453 1076 4510 whole
1097 4458 1221 4509 sentence
1239 4454 1270 4508 in

229 4563 370 4611 onnmsom,
395 4541 445 4598 &a
492 4546 667 4601 Eocurrerem
696 4547 725 4596 ira
773 4560 796 4596 e.
811 4543 851 4595 19.
867 4545 956 4611 ploriae
972 4543 1092 4606 hominm,
1112 4537 1181 4594 duo.⁴
1223 4555 1232 4563 ·’
