3300 5180
415 339 485 405 110
791 351 1055 405 narraturam

275 539 373 646 fffi·
411 537 538 634 quibus
563 537 639 611 dari
663 561 733 610 non
761 547 888 633 potest,
916 539 1094 634 praeterito
1121 561 1162 610 eo
1190 537 1228 608 in
1254 539 1353 632 cujus
1383 545 1438 608 est

254 681 397 694 “··-·““
411 671 595 760 potestate.
647 661 798 759 Insuper
822 687 879 736 cos
904 661 1099 748 debellatis,
1126 663 1187 759 qui
1215 685 1291 734 eam
1323 662 1436 734 sciunt

410 797 540 884 petere,
571 789 632 884 qui
661 789 768 862 etiam
801 799 949 885 possunt
977 789 1175 884 impetrare,
1206 787 1291 859 dum
1322 787 1437 859 sciunt

411 922 539 1010 petere.

250 1024 386 1132 ᾆξῖἓξξξῃ
485 1037 626 1110 XXX.
690 1037 767 1112 Nos
806 1039 898 1112 enim
936 1061 999 1135 pro
1038 1038 1150 1112 salute
1189 1039 1438 1135 imperatorum

251 1143 398 1250 iffi?
411 1162 516 1236 deum
536 1165 737 1237 invocamus
763 1175 944 1248 eternum,
971 1163 1075 1235 deum
1103 1187 1233 1248 verum,
1259 1163 1365 1236 deum
1388 1164 1439 1235 vi-

249 1261 387 1427 iiiyiliffl‘
411 1315 506 1376 vum,
523 1313 624 1386 quem
640 1300 676 1363 et
693 1290 761 1386 ipsi
779 1291 1005 1386 imperatores
1022 1289 1216 1386 propitium
1231 1291 1297 1362 sibi
1312 1303 1439 1387 praeter

251 1395 282 1427 all
308 1393 372 1426 more

249 1437 345 1556 pparyepres
364 1503 388 1542 to
412 1427 543 1490 ceteros
559 1416 708 1489 malunt.
744 1415 882 1501 Sciunt,
899 1417 977 1512 quis
992 1415 1063 1488 illis
1081 1415 1218 1488 dederit
1234 1417 1437 1514 imperium;

250 1571 339 1674 {yyy
413 1553 540 1628 sciunt,
566 1567 635 1640 qua
658 1543 816 1616 homines
827 1547 847 1628 ¹,
881 1544 960 1640 quis
992 1555 1029 1616 et
1060 1544 1233 1628 animam3
1267 1544 1438 1630 sentiunt,

251 1674 314 1722 (Μ
412 1693 493 1741 eum
525 1669 629 1742 deum
664 1693 737 1742 esse
770 1669 893 1754 solum,
925 1669 963 1740 in
993 1671 1092 1764 cujus
1128 1667 1234 1740 solius
1265 1678 1440 1764 potestate

413 1806 507 1879 sunt,
535 1820 555 1866 a
582 1819 650 1890 quo
677 1807 761 1868 sunt
789 1794 945 1879 secundi,
978 1806 1057 1892 post
1086 1819 1190 1890 quem
1215 1795 1332 1891 primi,
1356 1808 1439 1868 ante

412 1944 532 1992 omnes
559 1931 595 1993 et
621 1945 724 2018 super
748 1947 868 1994 omnes
893 1921 985 1994 deos.
1032 1921 1197 2006 Quidni?
1229 1945 1308 1994 cum
1336 1945 1439 2018 super

412 2072 532 2120 omnes
559 2045 729 2133 homines,
753 2049 814 2144 qui
840 2049 964 2144 utique
990 2049 1116 2119 vivunt
1139 2057 1176 2119 et
1200 2047 1349 2119 mortuis
1378 2071 1439 2118 an-

412 2173 566 2245 tistant².
617 2171 847 2268 Recogitant,
880 2197 1060 2270 quousque
1090 2171 1180 2244 vires
1213 2172 1352 2268 imperii
1384 2173 1438 2246 sui

412 2297 563 2384 valeant,
593 2309 629 2370 et
658 2298 710 2370 ita
738 2297 842 2371 deum
872 2297 1106 2394 intelligunt;
1135 2297 1299 2372 adversus
1335 2323 1439 2395 quem

412 2422 527 2496 valere
549 2447 619 2495 non
641 2435 799 2519 possunt,
822 2449 883 2520 per
908 2448 988 2496 eum
1009 2423 1125 2496 valere
1151 2447 1188 2496 se
1214 2435 1438 2520 cognoscunt.

413 2545 551 2620 Coelum
583 2547 735 2645 denique
765 2548 919 2622 debellet
944 2550 1145 2646 imperator,
1177 2547 1301 2622 coelum
1328 2551 1438 2647 capti·

412 2697 493 2744 vum
520 2672 699 2770 triumpho
726 2698 789 2746 suo
820 2673 975 2760 invehat,
1003 2674 1089 2747 coelo
1114 2676 1237 2748 mittat
1265 2676 1439 2761 excubias,

411 2798 497 2872 coelo
522 2799 709 2896 vectigalia
735 2801 919 2896 imponat³.
961 2797 1045 2872 Non
1072 2811 1210 2897 potest3
1240 2801 1319 2874 ideo
1344 2826 1441 2900 mag-

411 2950 479 2997 nus
499 2925 666 3020 estquis
688 2925 773 2997 coelo
795 2925 908 2997 minor
931 2936 994 2998 est.
1042 2925 1145 2999 Illius
1166 2927 1258 3000 enim
1280 2937 1335 3000 est
1354 2927 1440 3024 ipse,

411 3054 511 3146 cujus
540 3061 576 3124 et
602 3049 727 3123 coelum
755 3061 809 3123 est
835 3061 872 3123 et
897 3051 1011 3124 omnis
1036 3058 1218 3125 ematurat
1271 3051 1362 3124 Inde
1388 3061 1442 3124 est

462 3391 550 3445 XXX
586 3389 595 3420 ¹
620 3393 715 3446 Sciunt
742 3395 801 3460 cuir
826 3393 878 3444 triu
885 3407 899 3452 ,·
952 3391 1070 3460 Denique
1089 3389 1120 3461 (i.
1132 3410 1155 3446 e.
1175 3391 1200 3446 ii
1218 3407 1253 3445 no
1271 3389 1348 3444 other
1363 3407 1442 3459 argu-

411 3477 518 3548 “They
537 3478 620 3532 know
638 3495 667 3531 as
686 3495 821 3546 emperors
841 3475 902 3529 who
951 3483 1027 3530 ment
1045 3477 1102 3530 vvill
1125 3478 1249 3530 convince
1270 3475 1328 3529 him
1350 3475 1382 3529 of
1399 3475 1443 3528 his

408 3577 477 3632 gave
492 3563 567 3618 them
587 3563 658 3618 their
675 3563 822 3630 authority,
840 3561 901 3626 and,
951 3562 1114 3636 inferiority)
1128 3563 1191 3616 “let
1202 3562 1290 3616 caesar
1300 3562 1442 3630 subjugate

408 3665 440 3701 as
450 3665 522 3702 mere
533 3649 636 3704 human
650 3643 750 3718 heingi,
763 3649 824 3703 who
836 3667 902 3718 gave
951 3647 1054 3702 heaven
1074 3647 1208 3718 (debellet),
1229 3648 1268 3702 let
1287 3648 1346 3702 him
1365 3663 1442 3716 carry

410 3733 487 3788 them
504 3735 576 3790 their
592 3735 681 3790 lives.”
716 3735 750 3788 So
764 3737 825 3790 ab.
851 3753 902 3803 qua
951 3729 1441 3802 iterepresentationinhistrinmph,

409 3827 436 3874 et
446 3823 524 3876 borno.
952 3817 1022 3889 (like
1034 3824 1134 3888 captiva
1147 3822 1294 3885 Corinthus,
1311 3819 1378 3873 Hor.
1390 3819 1441 3887 Ep.

462 3903 474 3934 ¹
490 3911 754 3966 marcomirum
767 3923 796 3960 as
804 3903 902 3960 before.
952 3925 982 3960 11.
994 3909 1018 3960 1.
1031 3905 1104 3980 193.)
1116 3907 1154 3960 let
1166 3905 1224 3959 him
1236 3906 1299 3960 send
1310 3905 1442 3974 garrisons

409 3997 470 4062 quia
480 3995 548 4045 enim
559 4010 591 4046 aa
602 3995 744 4047 urentibus
754 4009 807 4044 non
824 3994 902 4059 quoli-
951 3997 980 4046 to
991 3993 1022 4057 it,
1035 3993 1073 4046 let
1083 3991 1142 4045 him
1153 3991 1199 4060 lay
1210 3997 1287 4044 taxes
1298 4009 1333 4044 on
1344 3990 1390 4044 it.”

410 4082 450 4134 bet
458 4087 557 4132 mortuo
565 4075 720 4148 impostor?
738 4077 757 4130 J
758 4084 801 4130 ut
808 4076 902 4142 below,
1002 4076 1013 4108 ⁴
1024 4085 1151 4132 creatura.
1170 4077 1237 4131 This
1248 4077 1318 4131 form
1330 4075 1360 4130 of
1368 4077 1442 4130 word

412 4169 487 4220 mm
502 4167 647 4232 intelliyunt
662 4166 685 4218 is
704 4163 760 4218 like
778 4181 864 4218 murco
878 4173 902 4220 et
952 4181 1006 4217 was
1026 4181 1092 4231 very
1110 4163 1193 4216 much
1211 4163 1323 4217 affected
1341 4163 1370 4216 in
1388 4161 1442 4216 lato

409 4251 807 4319 arancoeirrtclltpunt,inc.12.
952 4249 1040 4314 Latin,
1063 4250 1116 4302 and
1141 4249 1242 4303 several
1264 4251 1395 4304 instances
1415 4246 1446 4300 of

462 4335 550 4390 ”The
573 4335 651 4390 usual
675 4335 847 4405 proceedings
874 4334 905 4389 of
950 4335 997 4389 the
1019 4333 1074 4388 fact
1092 4333 1149 4389 will
1168 4336 1201 4389 bc
1224 4335 1308 4389 found
1326 4335 1356 4388 in
1376 4333 1442 4387 Ter-

408 4423 458 4477 thc
481 4423 599 4478 Romana
621 4421 687 4476 with
711 4439 727 4476 a
750 4423 900 4491 conquered
950 4419 1064 4485 tullian3
1082 4438 1122 4475 we
1142 4421 1210 4475 have
1225 4420 1279 4474 had
1294 4419 1442 4489 alreadyin

411 4510 536 4576 province
550 4527 594 4563 are
609 4508 673 4562 here
689 4508 901 4563 enumeraret...
951 4505 1006 4560 this
1020 4504 1144 4576 Apology
1152 4513 1289 4574 paratura,
1302 4505 1391 4558 which
1402 4505 1442 4558 in·
