3306 5176
389 362 444 434 68
780 383 1044 434 rnnrunnmnr

18 573 35 638 l
271 575 349 683 ffl-
392 564 502 638 nibus
532 564 671 662 probari
698 565 848 662 possint,
872 588 944 638 non
972 575 1047 639 tam
1074 563 1218 638 difficile
1248 574 1301 637 est
1328 563 1430 640 nobis

235 669 581 788 ····-3·exponere,
609 691 715 787 quam
741 715 893 776 enorme,
921 716 987 765 nec
1012 689 1175 775 arduum,
1199 689 1263 763 sed
1286 690 1430 762 interim

396 815 551 912 longum.
605 816 735 890 Multis
757 817 1014 900 instrumentis,
1031 841 1111 889 cum
1133 814 1430 914 digitorumsup-

395 943 545 1040 putariis
559 941 743 1038 gesticulis
756 942 983 1017 assidendum
999 953 1063 1015 est.
1116 941 1324 1015 Reseranda
1340 941 1433 1014 anti-

396 1069 644 1164 quissimarum
674 1069 781 1142 etiam
806 1070 968 1167 gentium
997 1068 1149 1155 archiva,
1173 1069 1432 1166 AEgyptiorum,

396 1191 654 1277 Chaldaeorum,
686 1191 918 1280 Phoenicum3
959 1194 1152 1268 advocandi
1183 1195 1289 1267 etiam
1316 1193 1434 1266 muni-

398 1319 492 1417 cipes
517 1324 680 1404 eorum²⁸,
699 1345 762 1416 per
790 1345 877 1416 quos
902 1321 1033 1394 notitia
1058 1321 1327 1393 subministrata
1352 1329 1430 1404 est3

399 1443 509 1540 aliqui
537 1442 735 1518 Manethon
764 1446 967 1543 AEgyptius,
992 1460 1029 1518 et
1057 1445 1209 1519 Berosus
1235 1443 1433 1529 Chaldaeus,

399 1568 460 1642 sed
482 1579 519 1642 et
540 1569 678 1642 Iromus
696 1567 850 1641 Phoenix
867 1567 957 1667 Tyri
979 1594 1063 1656 rex3
1091 1581 1276 1644 sectatores
1296 1593 1435 1666 quoque

398 1719 518 1766 eorum
541 1693 748 1766 Mendesius
772 1691 1000 1779 Ptolomeus,
1027 1705 1064 1768 et
1089 1691 1289 1768 Menander
1313 1691 1435 1791 Ephe-

399 1819 482 1900 sius,
493 1829 530 1891 et
540 1817 751 1891 Demetrius
767 1816 973 1904 Phalereus,
987 1830 1023 1892 et
1033 1845 1095 1892 rex
1107 1819 1132 1892 J
1135 1821 1215 1906 uba,
1227 1831 1264 1893 et
1276 1819 1434 1916 Appion,

400 1953 437 2016 et
465 1941 628 2028 Thallus,
654 1953 701 2027 et,
728 1943 789 2040 qui
813 1944 899 2016 istos
924 1954 987 2016 aut
1006 1945 1131 2041 probat
1158 1955 1221 2018 aut
1246 1943 1434 2028 revincite,

398 2067 547 2141 *Judaeus
571 2065 748 2166 Josephus
771 2069 1029 2164 antiquitatum
1055 2067 1287 2142 Judaicarum
1312 2093 1435 2140 verna·

401 2193 500 2268 culus
528 2192 671 2266 vindex.
733 2191 938 2266 Graecorum
970 2195 1078 2267 etiam
1110 2195 1289 2268 censuales
1318 2194 1434 2269 confe-

400 2318 513 2402 rendi,
533 2330 571 2391 et
589 2343 668 2414 quae
685 2317 825 2415 quando
849 2317 921 2391 sint
941 2329 1053 2415 gesta,
1071 2331 1113 2392 ut
1134 2321 1436 2394 concatenationes

402 2457 600 2540 temporum
633 2445 847 2541 aperiantur,
879 2469 942 2540 per
974 2470 1051 2541 quae
1081 2445 1224 2518 luceant
1254 2446 1436 2519 annalium

401 2571 551 2642 numeri.
601 2569 909 2666 Peregrinandum
934 2572 1043 2643 estin
1063 2569 1227 2645 historias
1243 2583 1279 2646 et
1297 2572 1436 2645 litteras

402 2694 533 2766 orbist.
586 2695 640 2766 Et
670 2705 789 2768 tamen
824 2695 925 2790 quasi
958 2706 1094 2792 partem
1119 2700 1193 2792 jam
1222 2697 1438 2794 probationis

403 2819 604 2904 intulimus,
629 2844 738 2916 quum
763 2845 825 2916 per
852 2845 929 2916 qnae
956 2822 1096 2917 probari
1121 2823 1268 2919 possint,
1292 2823 1438 2920 aspersi-

452 3051 475 3084 ²⁸
490 3051 790 3119 cdoooondietiom,&c.
825 3054 897 3108 Iam
946 3059 1013 3123 cipes
1027 3059 1111 3121 Joois,
1126 3057 1192 3110 Juv.
1207 3075 1265 3112 xiv.
1280 3057 1340 3124 271,
1355 3055 1438 3111 andI

403 3146 450 3196 not
477 3140 552 3209 quite
581 3157 642 3194 sure
672 3138 733 3194 tbat
758 3140 771 3194 l
795 3139 898 3209 rightly
946 3139 1027 3194 think
1046 3141 1199 3197 Tertullian
1216 3161 1308 3198 means
1323 3143 1384 3197 that
1399 3143 1440 3196 in-

402 3226 557 3297 apprehend
585 3226 640 3280 this
668 3242 786 3296 passage,
809 3226 860 3280 but
883 3225 897 3278 1
945 3232 1090 3296 terpreters
1102 3223 1242 3298 (asinthe
1252 3229 1304 3283 last
1315 3226 1439 3298 chapter)

402 3312 505 3367 believe
522 3312 582 3366 that
598 3312 623 3365 T
624 3311 751 3367 ertullian
769 3313 798 3366 in
813 3312 899 3366 shew-
946 3320 1020 3367 must
1037 3313 1071 3368 be
1088 3314 1205 3384 brought
1219 3316 1250 3368 in
1266 3320 1295 3368 ιο
1312 3315 1440 3382 expound

402 3399 449 3468 ing
471 3398 518 3452 the
540 3398 696 3468 magnitude
718 3397 750 3452 of
768 3397 815 3452 the
837 3399 899 3453 task
943 3398 1051 3453 ,records
1062 3399 1204 3455 otherwise
1217 3399 1421 3469 unintelligible.

402 3501 477 3553 says:
503 3485 557 3538 We
575 3483 645 3538 shall
660 3484 729 3539 hare
744 3490 772 3538 ιο
789 3485 899 3538 inresti-
997 3482 1018 3513 ⁸⁴
1034 3489 1151 3540 revincit.
1188 3486 1316 3540 Seeadc
1329 3489 1353 3539 1.

403 3574 464 3636 gata
486 3569 534 3624 the
561 3569 682 3626 archites
704 3569 735 3624 of
759 3569 806 3624 the
827 3575 900 3624 most
998 3567 1019 3600 ¹¹⁵
1029 3575 1192 3640 peregrinari
1208 3576 1238 3624 ιιι
1252 3575 1336 3641 altorio
1351 3575 1402 3625 loco
1417 3571 1441 3624 is

403 3654 506 3709 antient
524 3655 628 3725 peoplc,
648 3655 701 3710 and
724 3661 753 3710 to
773 3673 899 3710 sammon
948 3661 975 3710 to
990 3657 1099 3727 sojoura
1113 3659 1142 3710 in
1157 3674 1212 3727 any
1226 3656 1330 3728 foreign
1345 3656 1421 3726 place
1429 3673 1440 3721 3

403 3744 432 3792 to
452 3757 503 3794 cur
524 3742 568 3796 aid
587 3742 691 3796 nativas
710 3740 741 3794 of
759 3740 806 3794 the
826 3759 898 3796 sama
943 3747 1149 3812 peregrinantia
1164 3746 1272 3812 aliqum
1285 3743 1441 3797 boumisto

403 3831 519 3895 country
539 3826 607 3881 with
628 3825 705 3880 those
728 3825 772 3880 old
795 3827 899 3881 writers
947 3829 1033 3883 traval
1050 3835 1078 3883 to
1096 3846 1113 3882 a
1130 3827 1233 3898 foreign
1251 3834 1374 3899 country,
1392 3827 1440 3882 the

403 3908 465 3964 who
476 3910 550 3966 hand
560 3929 593 3966 us
611 3912 691 3966 down
704 3911 759 3965 this
772 3909 898 3966 informa-
946 3918 977 3968 in
984 3915 1064 3984 being
1072 3915 1129 3970 like
1137 3919 1213 3970 irata
1221 3918 1329 3983 dicum
1336 3918 1439 3974 locum

403 3996 469 4062 tion,
481 4014 504 4050 e.
515 4015 542 4066 g.
553 4014 627 4052 some
642 3997 754 4052 modern
768 3997 897 4052 Manetho
946 4016 982 4054 an
992 4001 1052 4056 idea
1063 4001 1094 4056 οι
1104 4001 1285 4070 expatriation
1295 4001 1376 4070 being
1386 3998 1441 4053 also

399 4081 474 4136 <from
485 4081 578 4152 Egypt
593 4093 622 4138 to
635 4083 746 4152 explain
760 4081 897 4149 Manetho,
946 4087 1065 4156 implied.
1101 4087 1240 4141 SoCicero
1251 4103 1312 4155 says
1322 4089 1442 4155 injiciens

403 4166 457 4221 and
485 4185 558 4222 some
590 4186 650 4223 new
682 4168 798 4222 Berosus
825 4167 898 4223 from
946 4176 1129 4226 reanimarem
1139 4175 1207 4226 hono
1223 4177 1356 4242 sepianum
1371 4189 1442 4239 mop-

404 4252 529 4309 Chaldaea
551 4259 580 4309 to
602 4255 733 4323 interpret
761 4254 876 4310 Berosus
888 4275 897 4323 ;
948 4260 1442 4328 citudinemlongcloteqnepcrayriuc·

403 4340 456 4394 and
474 4358 515 4394 we
533 4346 606 4395 must
626 4339 692 4394 then
712 4340 806 4395 collate
827 4340 899 4396 their
948 4350 1000 4397 tur.
1040 4342 1100 4397 The
1122 4361 1198 4398 sense
1221 4345 1252 4398 of
1267 4343 1315 4398 the
1336 4342 1443 4397 textis

404 4425 526 4496 disciples
535 4425 589 4480 and
599 4427 770 4496 antagonista
803 4427 898 4482 Ihave
948 4429 1013 4482 “we
1029 4435 1103 4485 must
1117 4431 1199 4486 make
1216 4429 1371 4484 excursione
1384 4427 1441 4480 into

403 4510 468 4567 thus
486 4511 569 4566 taken
583 4517 724 4580 munidpos
739 4513 795 4568 like
811 4518 898 4566 muni·
947 4512 993 4568 the
1005 4513 1144 4570 literature
1156 4516 1186 4571 of
1194 4516 1241 4570 the
1252 4513 1400 4570 universe.”
1420 4511 1422 4516 ’
