3306 5176
513 371 629 422 urana
657 371 958 422 luonocarrcus.
1197 359 1244 424 33

205 547 354 621 detersit
368 571 378 634 3
404 573 525 622 cervus
539 548 602 624 ille
619 550 657 623 in
674 549 880 646 gladiatoris
896 551 1067 648 sanguine
1084 575 1122 624 se
1132 553 1245 647 jacta·
1296 569 1372 678 0121?

204 673 267 746 vit.
310 673 472 770 Ipsomm
497 699 656 748 ursorum
678 675 770 748 alvei
789 683 1007 772 appetuntur
1027 663 1401 752 cruditantes—2·-

204 797 321 898 adhuc
342 799 386 873 de
402 801 591 874 visceribus
608 799 784 874 humanis.
837 802 1017 874 Ructatur
1034 803 1183 899 proinde
1201 805 1245 876 ab

203 921 347 997 homine
378 949 457 998 caro
483 937 583 1023 pasta
615 925 659 999 de
684 924 868 998 homine¹³.
920 925 1013 1000 Haec
1039 928 1100 1024 qui
1127 927 1244 1014 editis,

203 1060 375 1144 quantum
395 1051 525 1124 abestis
545 1077 566 1123 a
584 1052 752 1124 conviviis
769 1048 1081 1125 Christianomm?
1115 1052 1245 1128 Minus

203 1186 322 1248 autem
354 1187 391 1262 et
427 1177 483 1249 illi
514 1176 661 1263 faciunt,
696 1179 758 1276 qui
791 1177 942 1252 libidine
976 1177 1050 1252 fera
1077 1176 1244 1254 humanis

202 1303 367 1375 membris
382 1301 535 1389 inhiant,
560 1305 644 1401 quia
660 1305 756 1376 vivos
771 1307 923 1378 vorant?
945 1303 1065 1378 minus
1089 1303 1244 1378 humano

201 1427 373 1524 sanguine
393 1427 440 1501 ad
460 1429 664 1526 spurcitiam
692 1441 949 1515 consecrantur,
973 1432 1056 1528 quia
1080 1430 1243 1504 futurum

201 1553 408 1648 sanguinem
430 1553 620 1626 lambunt?
648 1578 718 1626 uon
736 1554 850 1628 edunt
870 1553 1026 1628 infantes
1046 1554 1163 1651 plane,
1181 1557 1243 1630 sed

199 1677 312 1774 magis
326 1679 485 1775 puberes.
529 1676 754 1752 Erubescat¹⁴
772 1703 866 1752 error
881 1691 996 1753 vester
1013 1677 1240 1765 Christianis,

121 1815 123 1818 ’
200 1803 261 1899 qui
278 1828 324 1876 ne
340 1804 548 1876 animalium
565 1804 707 1901 quidem
727 1805 936 1902 sanguinem
954 1807 993 1877 iu
1011 1807 1126 1903 epulis
1144 1833 1241 1880 escu-

198 1927 307 2001 lentis
333 1926 515 2014 habemus,
544 1931 606 2026 qui
628 1940 813 2028 propterea
838 1931 1017 2003 suffocatis
1041 1957 1180 2030 quoque
1203 1945 1241 2008 et

200 2054 394 2127 morticinis
424 2056 652 2141 abstinemus,
682 2082 728 2129 ne
761 2082 830 2153 quo
862 2058 1035 2154 sauguine
1070 2062 1240 2133 contami-

198 2204 324 2251 nemur
356 2179 412 2252 vel
446 2181 542 2254 iutra
572 2182 703 2254 viscera
739 2182 888 2278 sepulto.
941 2182 1111 2280 Denique
1144 2185 1239 2257 inter

198 2312 420 2377 tentamenta
437 2303 721 2378 Christianorum
743 2305 882 2378 botulos
904 2307 1011 2380 etiam
1031 2333 1152 2381 cruore
1169 2309 1240 2382 dis-

197 2437 314 2502 tentos
340 2429 546 2512 admovetis,
576 2423 761 2504 certissimi
782 2431 927 2516 scilicet,
964 2433 1131 2506 illicitum
1163 2461 1238 2510 esse

195 2577 302 2650 penes
324 2554 415 2640 illos,
437 2580 500 2653 per
522 2555 615 2652 quod
634 2557 830 2630 exorbitare
852 2563 938 2630 e0s¹³
954 2559 1077 2632 vultis.
1130 2561 1239 2634 Porro
1333 2539 1335 2543 v

193 2679 299 2776 quale
320 2691 384 2765 est,
410 2691 452 2754 ut
478 2706 563 2778 quos
590 2682 797 2778 sanguinem
828 2685 962 2780 pecoris
986 2683 1125 2758 horrere
1159 2712 1239 2760 cou-

195 2803 316 2889 fiditis,
336 2803 491 2878 humano
511 2805 649 2879 iuhiare
666 2807 826 2892 credatis,
845 2809 915 2880 nisi
932 2807 1022 2882 forte
1043 2811 1238 2884 suaviorem

195 2955 276 3002 eum
310 2933 477 3028 experti?
530 2931 649 3018 Quem
683 2933 825 3030 quidem
865 2945 902 3008 et
939 2935 1056 3031 ipsum
1090 2936 1238 3032 proinde

194 3055 469 3128 examinatorem
497 3055 778 3130 Christianorum
812 3057 974 3132 adhiberi
1000 3071 1042 3133 ut
1067 3059 1236 3144 foculum,

194 3192 235 3254 ut
263 3206 415 3254 acerram
448 3182 642 3277 oportebat.
690 3183 844 3256 Proinde
879 3186 972 3256 enim
1004 3187 1237 3282 probarentur

192 3308 401 3404 sauguinem
441 3307 637 3380 humanum
682 3309 892 3406 appetendo,
939 3312 1236 3407 quemadmodum

192 3583 221 3620 as
238 3567 267 3620 in
285 3566 333 3621 the
352 3565 503 3636 proverbial
520 3565 616 3636 phrase
640 3567 690 3620 ‘de
738 3567 793 3621 abs.
805 3568 834 3621 in
845 3586 868 3622 c.
879 3570 922 3623 34.
934 3587 975 3624 we
986 3569 1055 3624 hare
1067 3574 1236 3629 &manducor

192 3669 250 3721 rapo
267 3655 352 3707 cibum
366 3651 467 3720 potero!
737 3656 880 3708 muhcaoare
894 3655 947 3708 and
965 3658 995 3709 da
1001 3657 1113 3722 fastidio
1125 3656 1236 3714 Partho·

244 3734 349 3794 18Caro
374 3746 452 3806 posta
479 3741 509 3792 de
538 3740 688 3799 hmioer-
737 3755 798 3792 rum
810 3740 842 3794 de
855 3739 926 3794 Hah.
948 3741 1017 3795 Mul.
1035 3760 1058 3796 c.
1073 3741 1099 3802 7.
1121 3748 1236 3800 mortici-

192 3822 259 3877 flcsh
279 3824 370 3878 which
387 3824 436 3880 has
453 3823 498 3878 fed
520 3841 594 3894 upon
616 3842 687 3880 man.
736 3828 797 3886 aim
814 3825 1001 3880 suchashave
1014 3828 1076 3882 died
1093 3846 1110 3883 a
1127 3830 1236 3884 natural

193 3910 265 3962 Hcec
278 3913 324 3979 qut
339 3903 421 3964 odilia
437 3928 473 3964 sc.
488 3911 610 3979 πονηρία.
736 3911 826 3978 death,
849 3914 965 3982 opposed
992 3919 1021 3968 to
1048 3919 1133 3970 oraria
1174 3917 1234 3972 The

241 3992 262 4024 ³⁴
289 3997 433 4050 Erubescat
484 3998 688 4053 Chriatmaia—
737 3997 811 4051 word
833 3998 939 4052 isused
958 3999 988 4052 in
1005 3997 1053 4052 the
1073 3999 1189 4070 Vulgate
1206 4000 1238 4056 of

192 4079 269 4149 quasi
280 4097 367 4134 coram
380 4083 440 4136 Chr.
466 4081 526 4135 The
535 4099 602 4147 case,
613 4081 688 4136 how·
736 4089 821 4137 meato
833 4084 992 4139 interdicted
1006 4101 1042 4138 on
1056 4084 1111 4139 this
1121 4087 1234 4156 ground,

190 4182 263 4230 ever,
279 4181 343 4234 may
360 4165 394 4219 be
411 4165 459 4220 tha
477 4167 575 4232 dative,
590 4184 622 4220 or
640 4166 687 4221 the
735 4167 802 4223 both
824 4170 854 4223 in
872 4169 918 4224 the
938 4169 1104 4225 Pentateuch
1126 4171 1179 4225 and
1204 4173 1234 4225 in

191 4250 307 4306 ablativa
331 4249 399 4304 with
424 4267 460 4305 an
482 4252 575 4322 ellipse
598 4252 630 4306 of
648 4255 686 4308 do.
736 4253 875 4310 Ezechir.
883 4260 924 4310 14.
943 4256 1105 4312 Itoccursin
1114 4257 1234 4312 Plautus.

191 4337 325 4407 Compare
343 4337 376 4391 de
388 4337 463 4392 Test'.
475 4337 528 4392 An.
541 4343 566 4393 1.
593 4341 690 4395 caltidi
789 4337 809 4369 ¹⁵
825 4343 998 4403 neormam
1016 4343 1139 4398 seeadc.
1150 4346 1175 4397 6.
1218 4343 1232 4396 I

188 4427 330 4489 moeror,
357 4423 410 4478 oud
434 4441 456 4477 c.
481 4427 522 4478 11.
550 4425 585 4480 od
616 4431 687 4486 extr,
737 4425 821 4479 doubt
830 4425 1233 4488 whetheritistranritivehcre

190 4509 295 4578 though
309 4510 333 4564 it
349 4527 414 4578 may
431 4508 508 4563 there
519 4510 553 4564 be
568 4511 616 4565 the
633 4511 686 4565 abl.
737 4528 768 4566 or
779 4517 833 4566 not.

290 4617 312 4680 3
