3250 5172
507 329 624 379 maan
649 327 956 381 aaouoonrrcus.
1216 313 1238 387 9

204 506 327 582 soletis
360 508 476 582 dicere
505 507 710 585 homicide:
742 535 854 608 nega3
884 509 1011 584 laniari
1032 511 1159 607 jubere
1185 536 1239 585 sa·
1288 511 1366 622 cfiP·

206 634 387 732 crilegum,
418 636 449 726 si
480 636 639 709 confiteri
671 635 953 732 perseveraverit.
1012 635 1051 708 Si
1082 661 1154 709 non
1188 637 1241 710 ita
1256 665 1402 678 -··-·

206 761 313 858 agitis
339 763 429 835 circa
450 787 514 835 nos
537 775 714 848 nocenter,
737 787 820 860 ergo
845 787 908 835 uos
933 763 1241 836 innocentissimos

201 884 383 980 judicatis,
407 911 487 959 cum
516 888 616 984 quasi
637 887 942 960 innocentissimos
969 911 1041 958 non
1066 886 1176 960 vultis
1201 887 1240 959 iu

207 1036 249 1084 ea
273 1011 487 1087 confessione
518 1038 748 1110 perseverare,
780 1038 885 1110 quam
913 1013 1134 1097 necessitate,
1167 1037 1237 1085 non

201 1138 345 1232 justitia
379 1138 617 1212 damnandam
648 1164 669 1210 a
702 1139 799 1210 vobis
830 1138 959 1210 sciatis.
1015 1135 1241 1210 Vociferatur

207 1261 332 1336 borno:
358 1262 580 1338 Christianus
607 1287 696 1336 sum.
744 1262 875 1346 Quodr
900 1271 955 1334 est
978 1261 1089 1347 dieit;
1120 1272 1161 1334 tu
1187 1262 1240 1335 vis

206 1388 339 1474 audire,
360 1388 455 1485 quod
476 1414 548 1461 non
570 1399 633 1461 est.
686 1387 862 1460 Veritatis
885 1386 1133 1483 extorquendae
1153 1412 1240 1483 pre-

205 1514 308 1601 sides,
334 1514 379 1587 de
403 1515 504 1588 nobis
530 1512 612 1586 solis
638 1512 860 1586 mendacium
891 1510 1077 1585 elaboratis
1105 1511 1239 1585 audire.

207 1639 291 1713 Hoc
315 1665 404 1724 sum,
432 1641 562 1736 inquit,
593 1638 689 1736 quod
712 1639 848 1734 queris,
874 1662 919 1710 an
948 1639 1037 1724 sim3
1069 1637 1156 1733 quid
1182 1663 1240 1711 me

206 1777 347 1862 torques
373 1766 412 1837 in
437 1758 665 1862 perversum?
695 1764 871 1849 confiteor,
898 1775 935 1836 et
961 1774 1123 1860 torques;
1152 1763 1239 1860 quid

205 1889 345 1976 faceres,
377 1891 406 1961 si
433 1893 626 1986 negarem?
678 1889 790 1961 Plane
818 1888 896 1962 aliis
925 1889 1138 1986 negantibus
1167 1913 1238 1961 non

205 2015 308 2088 facile
333 2014 439 2088 fidem
465 2015 755 2101 accommodatis3
790 2015 901 2099 nobis,
928 2016 958 2087 si
983 2015 1238 2110 negaverimus,

205 2141 328 2212 statim
354 2138 506 2212 creditis.
556 2139 752 2236 Suspecta¹⁵
781 2140 830 2212 sit
856 2140 954 2212 vobis
978 2140 1047 2212 ista
1069 2142 1239 2237 perversi-

205 2277 269 2350 tas,
293 2290 427 2361 nequa
450 2267 503 2338 vis
527 2264 639 2339 lateat
663 2267 701 2338 in
727 2265 874 2350 occulto,
896 2290 973 2362 quae
994 2291 1054 2337 vos
1073 2265 1239 2340 adversus

205 2389 364 2475 formam,
390 2389 555 2462 adversus
580 2401 743 2463 naturam
768 2389 966 2485 judicandi,
993 2401 1114 2464 contra
1144 2391 1238 2487 ipsas

205 2541 343 2615 quoque
375 2516 471 2613 leges
508 2517 700 2589 ministret.
755 2516 837 2588 Nisi
868 2517 962 2590 enim
997 2515 1109 2600 fallor,
1142 2517 1238 2616 leges

204 2642 313 2714 malos
332 2643 407 2714 erui
421 2643 563 2738 jubent,
585 2666 656 2716 non
674 2640 861 2729 abscondi;
888 2639 1061 2716 confessos
1077 2639 1239 2718 damnari

205 2767 446 2864 praescribunt,
485 2791 558 2839 non
596 2765 739 2838 absolvi.
804 2767 885 2839 Hoc
923 2767 1238 2854 senatusconsulta,

205 2891 272 2965 hoc
301 2893 500 2990 principum
527 2892 695 2965 mandata
722 2891 910 2978 deliniunt,
941 2890 1007 2966 hoc
1038 2895 1237 2992 imperium,

206 3021 306 3114 cujus
333 3019 487 3090 ministri
512 3018 607 3092 estis.
655 3017 789 3103 Civilis,
815 3043 886 3090 non
913 3021 1097 3116 tyrannica
1122 3020 1236 3093 domi-

205 3144 303 3218 natio
331 3154 447 3217 vestra
478 3157 541 3216 est.
592 3142 704 3238 Apud
737 3154 905 3240 tyrannos
935 3145 1030 3216 enim
1060 3156 1238 3220 tormenta

205 3270 312 3344 etiam
336 3294 399 3366 pro
426 3293 530 3366 poena
558 3265 792 3354 adhibentur3
828 3267 923 3364 apud
947 3293 1008 3341 vos
1035 3269 1100 3342 soli
1125 3295 1236 3366 ques-

255 3535 275 3566 ¹⁴
293 3538 370 3599 Quod
383 3542 420 3592 cat
435 3532 695 3588 dicit-Whatheis
743 3535 778 3586 od
804 3550 904 3588 omnem
932 3551 1010 3603 quom
1039 3539 1069 3588 io
1094 3540 1238 3604 primordio

204 3621 311 3676 hetells
321 3639 386 3691 you.
743 3623 828 3674 mosi
849 3638 942 3674 sumus
969 3628 994 3674 ct
1013 3623 1152 3689 judicandi
1177 3643 1236 3691 per-

253 3705 274 3736 ¹³
291 3706 696 3762 Lettheseunnaturalfeatnres
743 3709 889 3760 mutatam
914 3713 938 3760 ct
963 3709 1088 3760 soeoicndi
1112 3713 1236 3778 inanito-

203 3792 235 3846 of
249 3791 295 3846 the
313 3810 371 3847 case
389 3793 449 3848 lead
467 3811 523 3861 you
542 3799 570 3846 to
590 3797 696 3860 suspect
744 3790 819 3845 tera?
853 3793 993 3846 Ministret
1016 3793 1139 3848 ooo-the
1161 3813 1236 3854 senae

203 3877 250 3932 the
282 3878 416 3933 existence
447 3878 478 3932 of
507 3895 580 3932 some
612 3883 695 3932 secret
743 3877 766 3930 is
788 3876 888 3946 clearly
911 3895 961 3944 pro
986 3881 1115 3934 ministris
1140 3884 1235 3946 uibar,

204 3979 313 4031 agency.
359 3963 490 4032 Compare
513 3982 536 4017 c.
557 3963 600 4029 27,
621 3965 696 4017 “Ille
743 3963 793 4016 but
812 3963 825 4015 l
844 3979 889 4016 am
905 3963 979 4032 quite
996 3964 1094 4018 unable
1110 3971 1139 4020 to
1157 3965 1236 4036 bring

201 4050 297 4102 scitica
307 4051 416 4116 spiritua
426 4052 596 4104 daemoaiocce
610 4056 635 4104 et
648 4067 696 4102 oa·
742 4065 797 4118 any
808 4049 945 4116 exemplos
956 4049 985 4102 in
995 4049 1157 4104 illustration
1163 4069 1173 4115 ,·
1188 4051 1236 4106 the

200 4136 290 4204 peliooe
302 4141 447 4200 paraturae,
458 4138 503 4204 pai
517 4142 602 4189 noster
615 4137 644 4188 ob
657 4137 696 4187 di·
742 4151 851 4202 passage
878 4134 977 4202 quoted
1003 4135 1040 4203 by
1063 4135 1165 4190 Semler
1189 4133 1235 4205 (de

203 4222 316 4274 vorticem
334 4222 454 4284 remulus,
474 4227 499 4274 et
518 4223 547 4274 ob
564 4222 618 4274 Dei
633 4238 696 4289 pro-
744 4218 803 4272 Car.
820 4219 883 4272 Chr.
898 4218 963 4292 xrr.)
979 4220 1002 4273 is
1016 4227 1064 4274 not
1077 4222 1236 4290 necessarily

202 4309 268 4360 tiam
286 4306 392 4358 invidus
409 4307 439 4358 dc
457 4309 583 4360 mentibus
604 4309 695 4360 vestris
743 4303 863 4372 parallel,
876 4306 926 4360 but
941 4304 987 4359 the
1003 4323 1050 4360 use
1066 4306 1236 4372 offamalarc

202 4395 326 4445 odoacar
337 4408 383 4444 aas
390 4393 535 4458 preliator,
545 4394 643 4445 accubo
654 4395 694 4444 in·
743 4390 766 4444 is
780 4389 882 4444 similar
896 4391 925 4444 in
939 4409 961 4444 c.
973 4394 1015 4457 21,
1028 4393 1163 4445 ‘elementa
1179 4394 1234 4458 ipsa

203 4481 350 4545 spiratione,
362 4478 498 4530 modulatis
513 4485 537 4531 ot
548 4480 694 4532 subornatis
735 4474 896 4540 famularet!
930 4477 977 4530 Gr.
989 4475 1108 4536 δουλοῡν.
