3306 5176
537 339 655 388 cicun
681 338 986 390 nrocoonrrcus.
1225 328 1270 391 51

229 518 352 612 ginem
379 523 456 615 eJus
479 545 620 592 auream
652 522 688 592 in
722 521 856 618 templo
882 521 1095 606 collocarint,
1069 524 1273 594 trescisse
1325 535 1399 641 Col?-

229 641 412 715 damnatio
445 645 691 718 testimonium
729 643 864 718 Socrati
896 646 1065 720 reddidit.
1129 645 1200 720 Sed
1234 657 1271 720 et
1286 685 1430 696 --

229 765 416 864 Diogenes
440 770 558 842 nescio
586 769 714 866 quid
704 795 742 843 1n
773 768 968 844 Herculem
994 771 1101 857 ludit,
1134 783 1171 845 et
1198 773 1268 846 Ro

228 917 354 966 manus
383 894 538 991 Cynicus
565 893 681 969 Varro
711 908 886 969 trecentos
912 895 937 969 J
940 923 1030 981 oves,
1064 897 1137 969 sive
1162 896 1270 995 Jupi-

226 1029 320 1092 teres
343 1019 598 1106 dicendum,
571 1047 647 1094 sure
671 1023 847 1119 capitibus
872 1023 1080 1095 introducit

303 1143 395 1217 XV.
445 1145 586 1219 Cetera¹
614 1146 805 1220 lascivire
795 1148 940 1245 ingenia
969 1148 1077 1220 etiem
1107 1147 1269 1244 volupta-
1281 1151 1394 1211 Λώου

1281 1226 1309 1258 ex
1311 1227 1367 1270 pose

226 1269 324 1342 tibus
349 1271 476 1344 vestris
497 1297 560 1368 per
582 1271 729 1346 deorum
756 1271 907 1344 dedecus
931 1282 1131 1369 operantur.
1185 1273 1268 1345 Dis·
1280 1228 1415 1397 ξξέξὲιξῖἰω

226 1397 335 1494 picite
352 1395 592 1470 Lentulorum
609 1407 646 1470 et
660 1397 903 1471 Hostiliorum
916 1408 1131 1482 venustates,
1146 1409 1265 1470 utrum
1280 1387 1391 1496 {22³2ss

225 1522 352 1594 mimos
366 1547 413 1595 en
432 1522 516 1595 deos
536 1533 668 1596 vestros
686 1524 725 1595 in
743 1525 834 1619 jocis
857 1534 896 1596 et
912 1521 1081 1619 strophis²
1100 1523 1267 1596 rideatis:

224 1646 400 1720 moecbum
424 1647 599 1730 Anubim,
632 1659 670 1720 et
692 1648 888 1721 masculum
920 1646 1077 1732 Lunam,
1104 1658 1142 1719 et
1174 1645 1269 1718 Dia-

225 1797 308 1845 nam
334 1772 562 1870 flagellatam,
590 1785 627 1846 et
651 1773 754 1847 Joris
777 1775 910 1846 mortui
934 1783 1190 1847 testamentum
1215 1799 1269 1846 re-

226 1897 389 1982 citatum,
411 1909 448 1970 et
472 1908 543 1971 tres
562 1897 740 1972 Hercules
759 1897 939 1972 famelicos
961 1899 1089 1971 irrisos.
1137 1897 1209 1972 Sed
1233 1910 1269 1973 et

224 2020 440 2094 histrionum
466 2023 596 2097 litterae
616 2049 756 2097 omnem
780 2023 978 2098 foeditatem
1006 2047 1127 2096 eorum
1153 2024 1269 2122 desig-

225 2157 326 2220 nant.
378 2147 504 2246 Luget
529 2149 592 2222 Sol
621 2149 735 2221 filium
756 2147 934 2244 jactatum
961 2148 1006 2222 de
1029 2148 1116 2222 coelo
1145 2149 1269 2221 letan—

223 2269 321 2344 tibus
334 2273 444 2356 vobis,
458 2284 496 2346 et
510 2273 642 2366 Cybele
657 2283 833 2370 pastorem
847 2274 1017 2369 suspirat³
1032 2271 1267 2358 fastidiosum,

223 2419 295 2467 non
313 2398 599 2470 erubescentibus
617 2397 726 2469 vobis.
763 2396 814 2470 Et
832 2398 1016 2471 sustinetis
1034 2396 1061 2469 J
1062 2397 1136 2470 ovis
1154 2396 1269 2494 elogia

223 2523 370 2605 cantari,
402 2533 439 2596 et
464 2524 656 2608 Junonem‚
685 2522 878 2608 Venerem,
909 2523 1109 2596 Minervam
1141 2549 1162 2595 a
1190 2547 1269 2619 pas·

221 2655 297 2720 tore
317 2647 483 2744 judicari.
535 2645 649 2734 Quid,
674 2649 769 2746 quod
797 2647 915 2746 imago
942 2645 1000 2721 dei
1024 2649 1134 2722 vestri
1164 2647 1268 2746 igno·

222 2773 415 2847 miniosum
441 2785 549 2870 ceput
581 2785 618 2847 et
641 2774 814 2848 famosum
842 2775 978 2847 vestit?
1014 2773 1110 2870 quod
1143 2797 1267 2870 corpus

273 3045 334 3100 XV.
369 3045 480 3103 ²“The
501 3049 580 3103 other
599 3050 722 3119 ingenui·
770 3054 815 3106 sed
836 3055 1019 3119 simplicitates.
1056 3051 1089 3105 de
1113 3050 1199 3118 Spect
1226 3050 1269 3102 29.

219 3133 271 3188 ties
294 3132 325 3187 of
344 3133 447 3204 luxury
472 3135 549 3188 work
577 3143 625 3188 out
652 3153 723 3204 your
770 3140 887 3204 dispicite
906 3154 999 3191 means
1018 3140 1166 3191 muniente
1187 3151 1217 3188 os
1238 3134 1269 3187 in

219 3219 342 3287 plescum
365 3220 404 3289 by
423 3237 516 3274 means
534 3221 629 3274 ottho
647 3221 722 3290 igno-
770 3239 793 3276 o.
806 3227 831 3275 1.

219 3307 297 3374 miny
309 3305 340 3359 of
348 3305 395 3360 the
409 3306 507 3375 gods:''
524 3310 641 3361 Ιαεοίοἰιε
651 3310 721 3375 iupe-
819 3305 832 3338 ³
849 3310 973 3376 Surpr'rot
984 3314 1121 3374 portorum
1152 3305 1191 3358 As
1203 3303 1269 3358 Juv.

219 3395 266 3445 uia
283 3390 340 3444 like
358 3395 464 3460 ingenio
481 3395 586 3447 duom.
601 3393 633 3446 de
649 3392 720 3446 Heb.
770 3409 810 3447 xr.
820 3397 879 3447 152.

221 3477 291 3531 Mul
314 3495 337 3530 c
360 3480 386 3532 2
428 3477 561 3547 Compare
585 3478 721 3532 Arnobius
795 3495 897 3546 suspect
911 3496 978 3547 longo
993 3503 1038 3536 non
1055 3491 1127 3534 naun
1143 3495 1244 3543 tempore

219 3581 257 3618 rr.
280 3567 306 3618 2.
329 3567 492 3632 inperitorum
512 3567 631 3618 becicire
654 3567 720 3617 lucc
819 3568 923 3606 matrem.

218 3649 271 3702 end
282 3663 321 3702 vr.
334 3651 375 3702 13.
400 3653 430 3703 in
450 3653 557 3705 deorum
574 3653 721 3719 conportent
770 3647 874 3717 though
894 3647 941 3701 the
961 3645 1114 3715 expression
1132 3645 1155 3698 is
1173 3644 1270 3698 earlier

216 3735 335 3787 Ιαεοίυὶω
356 3736 488 3804 artificum
511 3739 614 3790 ludunt.
659 3735 719 3790 The
770 3734 972 3798 thunhisdate‚
988 3732 1041 3786 end
1055 3731 1087 3784 of
1097 3730 1149 3784 fair
1166 3735 1269 3799 repute.

217 3835 292 3873 sume
310 3821 401 3875 writer
417 3822 592 3891 paraphrases
610 3821 720 3876 'Pertul-
769 3823 818 3876 See
837 3821 935 3890 Heyne
953 3819 1030 3873 Obss.
1045 3818 1075 3870 in
1091 3816 1193 3870 Tibull.
1210 3833 1229 3868 1.
1241 3817 1267 3880 6,

218 3904 275 3958 lien
293 3905 371 3960 thus:
390 3925 477 3963 nonne
490 3912 617 3964 Icnooimo
633 3911 720 3975 odop-
769 3911 812 3962 35.
849 3908 876 3960 It
887 3923 980 3960 occure
991 3905 1025 3958 de
1041 3903 1113 3957 Heb.
1126 3901 1195 3956 Mul.
1207 3919 1230 3955 o.
1241 3904 1267 3955 2.

216 3997 305 4044 totum
324 4008 357 4045 er
376 3997 537 4048 coutumeliis
553 3997 663 4048 attrabit
680 3996 720 4046 ds'-
768 3994 821 4049 end
840 3994 873 4046 de
891 3991 965 4045 Cult.
983 3989 1065 4042 Foem.
1081 4007 1105 4042 o.
1119 3991 1144 4042 6.
1181 3986 1268 4040 Arno-
1361 4033 1372 4046 ,

219 4080 298 4130 oium
767 4075 1268 4148 bins(1v.20)usesmpiraretna1i·

176 4211 179 4216 Δ
269 4159 280 4191 ²
297 4164 422 4231 Strophio.
441 4166 526 4228 Quod
534 4169 644 4220 mimum
654 4167 719 4218 Phi-
768 4166 837 4234 prid,
850 4164 901 4217 end
915 4161 1039 4216 Catullus
1048 4157 1138 4230 (mv.
1150 4157 1199 4228 98)
1206 4158 1268 4212 who

215 4251 330 4304 dictionis
357 4252 396 4303 cel
418 4250 526 4304 lentuli
552 4267 583 4305 ao
605 4251 718 4305 Marullo·
766 4252 789 4303 is
800 4249 924 4304 followed
935 4249 973 4318 by
982 4247 1053 4301 Ovid
1066 4242 1154 4314 (Fert.
1166 4263 1184 4298 r.
1200 4242 1267 4312 417)

216 4337 349 4403 stropham
378 4337 484 4403 depacti
513 4353 629 4391 summe
660 4355 719 4391 con·
766 4339 900 4402 suspirare
914 4338 942 4388 in
956 4338 1050 4402 αὶίᾳιιο.
1086 4331 1120 4384 In
1134 4348 1151 4384 e
1165 4328 1268 4383 similer

208 4422 311 4489 fictam
347 4420 460 4474 Hieron.
471 4421 532 4474 adv.
547 4421 611 4476 Ruf.
626 4440 657 4477 11.
673 4441 719 4478 neo
767 4437 880 4475 manner
887 4424 977 4475 ardere
984 4415 1174 4474 iuisfollowed
1181 4414 1268 4468 either

210 4510 320 4574 sobole,
338 4509 383 4561 scd
399 4511 527 4571 ueritates,
546 4525 591 4562 noc
610 4513 720 4576 strophe
768 4508 908 4576 byenobl.
920 4524 951 4559 or
962 4523 1016 4559 acc.
1041 4503 1161 4572 Cyprion
1172 4499 1269 4568 speaks

7 4569 9 4642 l
1076 4607 1166 4668 4-2

7 4650 16 4684 t
