3306 5176
522 355 639 406 risun
665 355 969 406 neonoonurcus.
1221 341 1268 406 53

228 544 413 608 contemtu
438 537 562 634 utique
594 549 794 624 censentur,
820 549 893 612 tam
926 563 1047 612 eorum
1077 538 1139 634 qui
1172 539 1268 633 ejus·
1318 545 1394 653 chvP

229 661 328 734 modi
346 659 525 747 factitant,
548 687 654 759 quam
680 689 799 737 eorum
821 665 950 760 quibus
973 662 1150 737 factitant.
1194 662 1268 737 Sed
1282 695 1427 710 --

228 784 365 859 ludicra
391 787 460 860 ista
485 798 580 861 sunt.
632 788 799 861 Ceterum
825 789 855 861 si
881 787 1056 884 adjiciam,
1086 813 1164 884 quae
1195 812 1265 862 non

228 911 349 983 minus
367 912 587 984 conscientiae
605 914 763 986 omnium
781 923 1039 1010 recognoscent.
1061 912 1100 986 iu
1124 911 1267 1010 templis

230 1035 405 1110 adulteria
429 1039 602 1135 componi,
628 1039 723 1112 inter
744 1063 820 1112 aras
845 1038 1021 1112 lenocinia
1046 1039 1201 1123 tractari,
1227 1040 1266 1116 in

228 1153 315 1249 ipsis
340 1153 549 1251 plerumque
570 1154 783 1230 aedituorum
801 1166 839 1230 et
862 1155 1079 1230 sacerdotum
1104 1157 1266 1230 taberna·

228 1278 330 1364 culis,
362 1281 427 1352 sub
462 1279 588 1376 iisdem
624 1281 725 1354 vittis
758 1293 795 1356 et
828 1283 985 1378 apicibus
1020 1292 1057 1354 et
1089 1282 1265 1378 purpuris

228 1402 334 1479 thure
357 1405 530 1504 flagrante
553 1407 740 1482 libidinem
762 1409 946 1506 expungi:
978 1408 1106 1492 nescio,
1139 1407 1266 1504 plusne

227 1531 274 1605 de
294 1532 392 1604 vobis
417 1532 469 1605 dii
491 1535 610 1619 vestri,
628 1559 734 1630 quam
758 1533 803 1606 de
824 1531 1039 1608 Christianis
1062 1543 1264 1629 querantur.

228 1658 335 1731 Certe
360 1659 521 1756 sacrilegi
544 1659 589 1732 de
614 1661 740 1732 vestris
766 1685 904 1755 semper
922 1657 1264 1756 apprehenduntur⁹.

227 1781 423 1856 Christiani
450 1785 544 1856 euim
576 1785 709 1880 templa
733 1810 798 1857 nec
823 1784 982 1858 interdiu
1007 1795 1161 1869 norunt;
1188 1809 1266 1880 spo-

226 1908 357 1981 liarent
380 1908 527 1982 forsitan
550 1937 592 1982 ea
616 1925 652 1982 et
682 1911 762 2006 ipsi,
791 1911 821 1993 si
848 1921 885 1983 et
907 1911 975 2005 ipsi
1002 1935 1043 1984 ea
1068 1909 1264 1984 adorarent.

226 2033 326 2117 Quid
347 2059 429 2132 ergo
452 2034 585 2117 colunt,
609 2036 670 2132 qui
692 2035 779 2108 talia
802 2061 872 2108 uon
895 2036 1045 2109 colunt?
1082 2035 1166 2110 Jam
1187 2037 1265 2133 qui·

225 2159 309 2232 dem
335 2160 492 2258 intelligi
516 2163 676 2256 subjacet
684 2165 706 2201 ¹⁰
730 2163 891 2235 veritatis
918 2188 991 2235 esse
1014 2161 1177 2246 cultores,
1202 2161 1265 2257 qui

227 2285 402 2358 mendacii
436 2311 506 2357 non
529 2287 624 2358 sint:
664 2311 730 2358 nec
756 2311 870 2358 errare
898 2286 1051 2382 amplius
1077 2287 1115 2357 in
1140 2310 1192 2370 eo,
1226 2286 1265 2358 in

225 2436 296 2506 quo
312 2437 442 2484 errasse
457 2437 494 2484 se
509 2411 785 2508 recognoscendo
802 2413 1021 2485 cessaverint.
1069 2409 1153 2484 Hoc
1168 2412 1265 2508 prius

226 2537 354 2634 capite,
386 2548 423 2610 et
449 2563 588 2610 ornnem
619 2536 703 2610 hinc
728 2539 937 2610 sacramenti
965 2538 1077 2611 nostri
1105 2539 1264 2611 ordinem

226 2661 377 2748 haurite,
401 2665 611 2762 repercussis
634 2675 718 2737 ante
738 2675 859 2736 tamen
883 2664 1109 2760 opinionibus
1132 2663 1240 2738 falsis.

301 2787 420 2860 XVI.
462 2787 570 2874 Nam,
590 2801 633 2862 ut
657 2789 813 2886 quidam,
841 2790 1041 2862 somniastis
1066 2801 1173 2886 caput
1198 2790 1265 2862 asi·
1277 2803 1421 2921 gillini?

226 2911 353 2984 ninum
371 2937 444 2984 esse
461 2913 567 2985 deum
584 2926 757 2986 nostrum.
785 2911 894 2986 Hanc
912 2912 1099 2987 Cornelius
1116 2913 1264 2986 Tacitus
1277 2921 1412 3037 geoffim

224 3037 461 3132 suspicionem
488 3037 661 3132 ejusmodi
685 3038 843 3110 inseruit.
896 3039 932 3110 ls
954 3039 1050 3110 enim
1076 3039 1114 3109 in
1138 3038 1402 3146 quintofflguisdgffs

226 3151 453 3228 historiarum
480 3179 621 3227 suarum
654 3155 787 3227 bellum
816 3154 1026 3227 Judeicum¹
1051 3179 1195 3227 exorsus
1220 3156 1264 3228 ab
1277 3157 1421 3206 ⁸¹¹fdffit⁸⁰f

224 3387 353 3434 contem
365 3389 510 3436 censentur.
518 3382 536 3434 i.
545 3399 568 3434 e.
576 3382 725 3434 contemtui
767 3397 813 3434 nec
824 3383 940 3434 interdu
947 3399 957 3440 ,·
974 3397 1036 3449 ergo
1048 3397 1097 3432 nec
1108 3386 1194 3446 nocte,
1210 3398 1264 3450 quo

224 3463 402 3534 deputantur;
418 3468 547 3536 originem
559 3485 576 3520 a
587 3474 723 3520 contemtu
767 3475 888 3533 tempore
901 3465 975 3520 furta
991 3466 1069 3518 fiunt.

223 3551 335 3606 ducunt.
367 3553 517 3607 Ceterumsi
529 3557 658 3622 adjiciam,
669 3550 719 3606 &c
815 3549 835 3580 ¹⁰
852 3549 972 3620 [intellipi
983 3554 1111 3619 subjacet;
1131 3551 1264 3605 Hellenis-

225 3637 317 3708 Every
328 3638 422 3692 reader
433 3638 464 3692 of
475 3638 547 3692 Ovid
559 3639 617 3692 will
632 3657 721 3709 recog-
764 3661 833 3698 mus
852 3634 995 3694 ὑπόκειται
1017 3643 1085 3694 νοεῖν
1108 3645 1146 3698 sic
1170 3645 1263 3714 Polyb.
1348 3695 1350 3700 ,

225 3724 285 3776 nizo
296 3723 343 3777 the
354 3725 483 3793 practices
494 3725 558 3779 here
566 3726 673 3780 alluded
686 3734 721 3780 to.
764 3728 911 3790 ιῖπόκειται
921 3733 1035 3800 modeim
1050 3741 1068 3794 i.
1079 3758 1103 3794 e.
1116 3730 1264 3810 πρόκειται

229 3809 350 3876 Compom'
370 3810 393 3862 1⁸
415 3809 473 3864 like
494 3815 631 3878 mmmm
655 3827 722 3880 repe·
764 3832 797 3879 ut
807 3834 884 3882 notat
895 3828 1020 3882 Budaeus
1045 3825 1154 3880 ltafcre
1166 3827 1264 3880 Euseb.

222 3899 320 3954 fiuntur
336 3897 406 3949 bora.
765 3919 827 3974 Εω,
847 3920 943 3974 Theoi,
958 3938 984 3988 p,
1003 3919 1047 3986 72,
1065 3910 1166 3970 ἕπεται
1188 3918 1264 3970 νοεῖν.

277 3994 288 4026 ⁹
304 4000 334 4052 de
345 4005 444 4055 vestm.
471 4002 566 4072 Comp.
578 4021 601 4056 e.
612 4007 655 4056 44.
678 4021 724 4071 op-
766 4004 820 4080 A.]
832 4010 861 4060 ἐπ
872 4025 921 4076 qao
932 4023 1031 4061 errasse
1042 4025 1084 4068 εκ
1102 4009 1150 4062 ie.
1164 4009 1193 4062 in
1204 4008 1264 4077 qui·

222 4085 437 4152 prehendentem
454 4087 500 4142 the
523 4105 599 4142 sense
619 4087 682 4142 here
702 4090 725 4142 is
767 4093 818 4146 bus
829 4093 908 4147 rebus
918 4100 1055 4148 cesserunt
1070 4111 1167 4158 errare,
1181 4093 1264 4147 simul

225 4168 286 4223 that
297 4171 395 4236 special
404 4189 455 4226 one
467 4173 556 4227 which
569 4175 593 4227 is
603 4175 721 4228 retained
770 4163 802 4231 ac
821 4179 993 4247 cognoverint
1016 4197 1043 4234 se
1066 4180 1193 4234 erravisse
1218 4195 1265 4233 an-

225 4255 255 4308 in
277 4272 329 4308 our
349 4255 503 4324 derivative,
521 4261 575 4314 and
592 4260 682 4314 which
700 4262 723 4313 is
772 4263 857 4317 tebsc.

220 4341 311 4396 found
329 4342 359 4394 in
376 4341 422 4396 the
443 4342 557 4412 Digesto
593 4347 618 4400 S.
639 4346 723 4416 Cypr.
820 4349 897 4403 XVI.
925 4347 1265 4410 ¹ThisacoountofTsei-

221 4428 260 4482 sd
281 4427 401 4481 Demetr.
419 4446 442 4482 c.
462 4430 487 4482 3.
504 4447 577 4486 nemo
595 4440 723 4498 nostrum,
766 4441 811 4488 tus
831 4431 919 4502 (Hist.
935 4454 961 4488 v.
974 4435 1006 4507 3)
1027 4435 1124 4489 should
1141 4435 1175 4487 be
1192 4450 1265 4487 carc-

223 4516 327 4581 puoado
345 4517 554 4582 apprehenditur,
572 4521 722 4574 reluctatur.
765 4519 837 4587 fully
845 4521 995 4588 compared.
1016 4520 1078 4574 The
1085 4519 1265 4574 construction
