3250 5172
470 385 585 435 urana
609 383 918 434 neonocnrlcus.
1182 367 1206 433 5

169 565 277 662 nique
311 563 462 637 malefici
493 565 655 661 gestiunt
682 563 804 650 latere,
835 564 999 638 devitant
1029 587 1205 661 apparere,
1256 565 1334 674 ⁰²1¹?-

168 691 352 788 trepidant
369 687 589 786 deprehensi,
608 700 742 787 negant
767 691 932 771 accusati,
954 715 1001 764 ne
1022 691 1110 764 torti
1128 690 1206 787 qui·
1219 682 1365 714 “““’““·“

168 818 250 890 dem
275 815 379 889 facile
401 825 464 889 aut
486 841 622 912 semper
648 816 884 902 confitentum
917 831 1010 889 certe
1042 805 1207 890 condem·

168 943 246 1016 nati
277 951 453 1028 moerent3
482 937 738 1014 dinumerant¹⁶
762 942 801 1013 in
829 942 1044 1039 semetipsos,
1074 941 1206 1016 mentis

168 1068 270 1141 malae
293 1069 449 1164 impetus
469 1065 525 1139 vel
547 1064 621 1138 fato
642 1065 698 1138 vel
718 1066 821 1138 astris
846 1067 1050 1163 imputant3
1076 1063 1206 1140 nolunt
1269 1057 1272 1064 ’

168 1195 264 1267 enirn
293 1219 397 1266 sunm
424 1218 510 1276 esse,
542 1191 637 1289 quod
662 1192 798 1264 malum
827 1207 1036 1288 agnoscunt.
1083 1189 1205 1265 Chris-

169 1319 283 1393 tianos
311 1343 405 1405 vero,
426 1315 712 1404 nihil.simile¹⁷.;
740 1318 920 1390 neminem
943 1317 1065 1413 pudet,
1094 1317 1206 1391 nemi-

167 1467 249 1515 nem
275 1443 438 1539 poenitet,
465 1442 536 1514 nisi
564 1440 669 1538 plane
695 1451 789 1514 retro
813 1465 884 1513 non
910 1439 1028 1514 fuisse.
1082 1439 1121 1514 Si
1146 1441 1207 1514 de-

168 1579 324 1653 notatur,
347 1569 541 1665 gloriatum
571 1569 600 1640 si
622 1579 816 1652 accusatur,
842 1593 913 1640 non
932 1563 1125 1654 ¹defendit;
1152 1567 1207 1639 in·

168 1707 366 1793 terrogatus
396 1695 453 1768 vel
480 1695 576 1768 ultro
601 1695 811 1781 confitetur3
854 1695 1043 1767 damnatus
1073 1695 1205 1790 gratias

167 1823 255 1918 agit.
302 1821 405 1906 Quid
428 1820 494 1894 hoc
518 1822 604 1894 mali
629 1833 694 1907 est,
719 1821 814 1918 quod
832 1833 997 1894 naturam
1020 1820 1106 1894 mali
1133 1845 1204 1892 non

167 1945 285 2032 habet,
320 1949 494 2033 timorem,
524 1947 706 2044 pudorem,
733 1948 1071 2045 tergiversationem,
1094 1947 1207 2044 poeni·

168 2073 331 2157 tentiam,
358 2071 665 2169 deplorationem?
694 2071 797 2156 Quid
819 2070 885 2144 hoc
907 2071 992 2144 mali
1017 2082 1081 2156 est,
1105 2075 1205 2167 cujus

166 2223 248 2270 reus
276 2197 436 2294 gaudet?
465 2203 565 2295 cujus
588 2199 763 2272 accusatio
793 2209 914 2270 votum
942 2209 1006 2280 est,
1034 2207 1071 2271 et
1102 2221 1206 2294 poena

167 2319 348 2395 felicitas?
407 2321 492 2395 Non
527 2334 627 2420 potes
656 2322 871 2395 dementiam
901 2321 1027 2408 dicere,
1059 2323 1121 2419 qui
1152 2347 1206 2396 re-

167 2447 317 2520 vinceris
341 2448 513 2546 ignorare.

243 2571 300 2646 ΙΙ.
351 2572 391 2647 si
417 2586 554 2646 certum
582 2584 638 2646 est
665 2573 818 2670 denique
843 2598 907 2646 nos
936 2572 1204 2646 nocentissimos
1219 2591 1359 2641 Evenitwe

1218 2666 1257 2700 ΕΓΒ
1267 2667 1321 2700 evei·
1330 2666 1357 2699 80

167 2724 252 2783 esse,
273 2723 335 2772 cur
357 2725 378 2771 a
398 2699 495 2771 vobis
512 2699 616 2795 ipsisl
641 2698 746 2771 aliter
762 2709 965 2784 tractamur,
984 2722 1090 2794 quam
1105 2721 1205 2793 pares
1218 2710 1348 2817 {illido

167 2825 291 2910 nostri,
318 2823 357 2896 id
380 2835 434 2896 est
460 2825 567 2898 ceteri
593 2827 787 2898 nocentes?
814 2850 894 2897 cum
921 2822 1080 2920 ejusdem
1105 2828 1347 2935 noxaelggglffi

168 2947 291 3020 eadem
317 2949 483 3022 tractatio
509 2948 653 3023 deberet
678 2951 905 3023 intervenire.
957 2948 1206 3044 Quodcunque
1218 2945 1274 2992 With
1285 2946 1353 2994 ‘'tl“

1218 3003 1344 3064 criminale,

167 3071 346 3158 dicimurl,
367 3098 446 3146 cum
466 3073 529 3146 alii
551 3073 730 3160 dicuntur,
756 3086 792 3150 et
812 3076 953 3172 proprio
974 3100 1033 3148 ore
1051 3084 1089 3148 et
1113 3098 1204 3148 mer·
1218 3063 1369 3112 butindeu.

1218 3121 1258 3182 ing
1268 3121 1324 3170 with
1334 3139 1363 3171 us

218 3354 239 3386 1⁶
258 3357 439 3410 Dinumerant
461 3359 491 3408 r‘n
510 3359 662 3424 sanctipeos.
711 3354 792 3424 plied.
826 3355 949 3410 Another
960 3355 1104 3426 readingia
1119 3357 1207 3412 Choir-

168 3441 236 3496 This
264 3442 419 3512 expression
449 3442 473 3496 is
499 3441 662 3509 interpreted
711 3446 809 3508 tionus,
824 3441 1093 3510 whichisprobable.
1127 3443 1207 3497 Com-

166 3529 237 3582 from
254 3528 302 3582 the
320 3533 439 3594 context,
455 3527 508 3581 and
527 3527 598 3582 from
615 3527 662 3581 the
711 3545 775 3596 pare
792 3529 821 3581 in
838 3547 860 3582 c.
881 3531 906 3582 2.
929 3531 960 3582 de
976 3531 1047 3582 nobis
1066 3531 1133 3582 nuit
1149 3535 1207 3584 tale.

167 3614 279 3682 parallel
301 3632 420 3684 passage,
447 3613 481 3668 ad
505 3612 570 3668 Nat.
595 3629 614 3667 1.
638 3617 662 3668 1.
712 3616 836 3682 Defendit
849 3615 903 3668 abs.
920 3614 963 3668 for
975 3615 1087 3682 defendit
1102 3633 1207 3670 meura-

167 3696 336 3767 (enprotront
353 3703 420 3768 quod
434 3707 509 3754 mant
526 3703 556 3753 in
573 3706 663 3777 aemct·
712 3703 805 3754 tionem
822 3717 853 3754 or
869 3703 975 3754 crimen.

166 3784 257 3855 iprae),
275 3791 303 3838 to
322 3785 422 3855 aignify
441 3788 661 3851 animadvertunt,
763 3785 802 3839 ΙΙ.
836 3783 1006 3853 1Incia-If
1025 3786 1080 3840 this
1098 3787 1207 3857 reading

167 3887 199 3922 or
221 3870 372 3939 something
391 3871 502 3933 similar,
522 3871 573 3924 but
593 3889 622 3925 as
639 3871 662 3924 it
710 3872 744 3926 be
762 3879 871 3937 correct,
890 3871 904 3923 I
921 3873 1037 3942 imagine
1054 3873 1077 3926 it
1093 3873 1116 3926 is
1133 3873 1207 3941 equi·

167 3955 230 4008 does
250 3961 297 4008 not
317 3973 396 4010 occur
418 3957 563 4010 elsewhere
586 3956 661 4010 there
710 3957 841 4011 valentio
855 3960 953 4012 diadem.
987 3958 1090 4028 “Why
1105 3959 1139 4012 do
1150 3958 1206 4012 like

165 4059 213 4094 ‘are
224 4058 259 4094 no
271 4041 348 4094 other
358 4059 451 4096 meana
460 4043 491 4096 of
498 4043 663 4110 illustrating
711 4042 846 4096 criminals
865 4043 922 4096 fare
945 4044 1098 4112 differently
1117 4043 1207 4098 before

166 4127 197 4181 it.
223 4126 283 4180 The
294 4128 443 4180 accusative
454 4129 564 4182 afterin
576 4127 662 4181 shews
710 4127 758 4182 the
777 4146 849 4182 same
864 4129 997 4198 judges'l'’

166 4212 213 4266 the
224 4212 285 4265 idea
296 4212 326 4264 of
338 4214 550 4267 animadversion
561 4214 662 4283 clearly
761 4210 772 4242 ⁹
789 4214 893 4268 Constr.
910 4217 1084 4284 Quodcunque
1100 4213 1149 4284 (sc.
1160 4233 1207 4268 cu·

167 4297 282 4367 enough,
304 4297 357 4350 and
379 4297 426 4351 the
445 4299 537 4368 ellipse
560 4300 583 4353 is
600 4317 662 4368 pro-
709 4299 861 4368 juscunque
878 4301 997 4354 criminis
1015 4300 1067 4372 rei)
1086 4304 1207 4365 dicimur,

166 4384 248 4452 hably
261 4390 367 4451 peccatu
384 4401 441 4437 auu.
711 4402 771 4438 cum
791 4387 819 4437 a'd
841 4383 990 4455 (ejusdem)
1007 4390 1055 4440 atii
1072 4389 1206 4449 dicuntur,

217 4468 237 4500 ¹⁷
255 4471 336 4523 Nihil
350 4473 502 4524 simile-sc.
523 4475 613 4539 opilat,
633 4489 663 4525 οι·
711 4477 835 4536 utuntur,
856 4476 898 4538 dfe.
942 4473 1112 4526 Mercencrio
1131 4475 1208 4526 aduo-

167 4556 662 4625 auysimilarexpressionmaybesup·
712 4560 811 4612 cutione
818 4574 831 4618 ;
850 4557 892 4610 Cf.
905 4557 973 4610 Pric.
989 4558 1022 4611 ad
1033 4557 1116 4626 Apul.
1128 4553 1209 4634 Apol·
