3300 5180
519 360 637 414 urano
664 365 969 418 apoconnrrcus.
1188 353 1260 420 -151

219 533 316 636 quod
342 542 423 614 usui
442 545 518 636 jam
544 543 649 616 etde
675 546 881 618 commercio
904 543 1074 631 innotuit,
1097 563 1167 618 non
1190 548 1262 620 uti·
1298 555 1386 664 pp&

221 685 289 761 qne
313 661 475 739 divinum
498 670 682 766 negotium
705 670 898 752 existimat,
923 670 984 743 aed
1010 671 1123 769 magis
1148 667 1260 768 philo·
1275 650 1422 720 --'—-

219 783 352 888 sophiae
369 817 491 890 genua.
528 793 680 879 Eadem,
698 796 828 891 inquit,
845 807 881 868 et
898 793 1098 892 philosophi
1113 805 1334 870 mouentum

216 925 258 988 et
281 916 504 1011 profitentur,
539 920 789 1002 innocentiam,
817 921 1010 1015 justitiam,
1037 922 1259 1016 patientiam,
1273 893 1363 926 Μ

219 1043 458 1128 sobrietatem,
479 1043 702 1141 pudicitiam.
750 1047 823 1118 Cur
840 1071 922 1142 ergo
940 1047 1068 1142 quibus
1086 1071 1261 1144 compara-

220 1191 302 1240 mur
324 1168 369 1241 de
388 1168 584 1266 disciplina,
608 1169 756 1268 proinde
780 1169 853 1244 illis
877 1195 947 1243 uon
972 1171 1261 1268 adaequamur'ad

220 1290 403 1366 licentiam
432 1293 755 1391 impunitatemque
783 1293 1004 1392 disciplinas?
1047 1295 1104 1370 vel
1134 1309 1261 1372 curet

221 1415 276 1490 illi
299 1429 342 1492 ut
356 1442 455 1516 pares
478 1421 590 1493 nostri
615 1445 685 1494 non
704 1431 878 1518 urgentur
894 1421 941 1494 ad
958 1422 1082 1508 officia,
1103 1443 1181 1519 quta
1197 1445 1261 1496 nos

220 1561 291 1615 non
309 1541 491 1618 ¹obeuntes
522 1544 790 1642 periclitamur?
852 1544 946 1631 Quis
981 1548 1075 1620 enim
1108 1547 1262 1645 philoso-

220 1665 332 1764 phum
356 1669 557 1756 sacrificare,
576 1683 639 1744 ant
660 1670 828 1766 dejerare,
847 1683 912 1745 aut
932 1669 1093 1746 lucernas
1114 1675 1261 1748 meridie

213 1815 327 1866 ¹ranas
355 1795 568 1892 prostituere
601 1794 810 1892 compellit?
869 1794 969 1881 Quin
1006 1797 1078 1868 imo
1109 1809 1146 1870 et
1178 1796 1261 1874 deos
1273 1822 1336 1871 Just.
1347 1839 1382 1871 ιι.

221 1932 353 1994 vestros
380 1919 497 2018 palam
528 1920 729 2005 destruunt,
763 1932 800 1994 et
831 1922 1100 2018 superstitiones
1128 1935 1262 1998 vestras

214 2045 481 2118 commentariis
506 2069 644 2142 quoque
669 2056 845 2130 accusant,
871 2045 1101 2121 laudantibus
1135 2049 1261 2122 'vobist

213 2163 392 2266 Plerique
424 2171 532 2242 etiam
565 2166 603 2242 in
633 2169 808 2266 principes
838 2168 974 2242 latrant
1002 2171 1261 2246 sustinentibus

221 2297 328 2370 vobis.
381 2295 434 2368 Et
451 2294 590 2369 facilius
606 2295 734 2368 statuis
750 2305 788 2368 et
804 2293 956 2368 salariis³
977 2309 1261 2384 remunerantur,

220 2445 326 2520 quam
345 2421 390 2495 ad
410 2421 539 2494 bestias
555 2419 844 2516 pronuntiantur.
893 2420 965 2495 Sed
982 2423 1129 2510 merit03
1146 2421 1262 2520 philo-

213 2546 321 2644 sophi
340 2548 434 2620 enim
454 2543 738 2618 conchristiani
762 2547 1068 2642 cognominantur.
1119 2547 1259 2623 Nomen

214 2671 285 2746 boc
317 2670 605 2770 philosophorum
639 2670 811 2745 daemonia
844 2697 916 2746 non
951 2672 1063 2772 fugat.
1112 2674 1260 2768 Quidni,

217 2819 329 2893 quum
359 2779 552 2871 secundum
588 2796 671 2870 deos
700 2795 901 2894 philosophi
938 2797 1114 2872 daemonas
1150 2800 1261 2897 depu-

219 2925 327 2995 tent?
381 2921 535 2995 Socratis
559 2942 627 2992 vox
651 2933 726 2994 est:
760 2922 789 2993 si
818 2921 1033 2996 doemonium
1063 2926 1260 3020 permittat.

220 3044 320 3118 Idem
354 3058 391 3118 et
422 3069 531 3141 quum
563 3043 698 3142 aliquid
723 3045 768 3118 de
794 3046 944 3118 veritate
979 3047 1149 3144 sapiebat,
1178 3048 1261 3122 deos

214 3392 291 3448 their
301 3392 417 3462 practice
427 3391 554 3446 recorded
566 3391 633 3446 with
644 3392 716 3447 their
764 3395 812 3446 bur
833 3391 909 3446 uobis.
949 3393 1036 3461 optes
1053 3401 1183 3461 pastorem
1205 3403 1264 3449 Μ-

218 3485 349 3549 precepto,
372 3477 490 3532 whereas
518 3477 566 3532 the
591 3485 716 3548 conmary
762 3480 1112 3547 ptrctucnernbcsoentr'dua
1123 3481 1199 3534 noble.
1236 3479 1264 3535 It

219 3581 274 3620 was
288 3571 359 3620 most
373 3564 538 3634 notorionsly
548 3564 597 3619 the
612 3581 671 3619 ease
687 3563 717 3618 in
765 3565 789 3618 ia
805 3563 948 3633 preserved
965 3563 1021 3618 also
1036 3563 1066 3617 ln
1081 3563 1129 3618 the
1146 3570 1216 3621 tract
1228 3567 1263 3621 ad

214 3649 592 3719 alithescboolsofmomlity.
605 3650 717 3704 bactan-
766 3648 903 3703 Nationes.

220 3737 276 3792 tius
286 3735 531 3807 appliesanentire
542 3735 653 3805 chapter
665 3733 714 3806 (D.
817 3734 955 3790 “murita
1003 3733 1084 3805 Pttny
1104 3731 1198 3804 (xxxi.
1222 3735 1262 3808 7.)

222 3821 298 3876 Lm.
310 3822 403 3895 lb.)to
414 3821 490 3875 these
501 3820 715 3887 consideratione,
765 3822 839 3890 gives
856 3838 874 3875 a
891 3819 1085 3875 derivationes
1099 3820 1154 3876 this
1171 3822 1261 3878 word:

219 3908 274 3961 and
291 3904 515 3977 Semca(deVit.
530 3906 606 3961 Best.
620 3925 644 3963 e.
660 3907 716 3980 18.)
767 3909 814 3963 Sol
838 3909 975 3960 monos
1005 3909 1083 3960 etium
1114 3909 1263 3976 militiaque

218 3993 250 4046 in
269 3993 387 4063 meeting
405 3993 453 4049 the
473 4010 546 4048 sams
565 3996 716 4061 argument,
765 3996 950 4061 interponam,
972 3995 1077 4047 solonis
1098 3995 1159 4048 trade
1178 3991 1263 4060 dictio,

220 4093 332 4132 excuses
342 4095 408 4147 vary
416 4077 585 4149 ingeniously
597 4076 670 4132 what
681 4077 717 4132 be
765 4094 861 4148 mopso
879 4080 951 4146 opud
967 4081 1086 4147 cethura
1103 4083 1264 4134 cucwrltotc.

220 4168 319 4218 carmot
335 4165 490 4220 conueniet.
767 4163 828 4218 The
846 4164 920 4218 word
938 4178 1032 4222 occurs
1048 4164 1078 4218 in
1096 4163 1194 4218 Seneca
1210 4163 1264 4218 and

217 4281 219 4287 ι
270 4248 464 4304 ⁴loudorstibue
485 4254 553 4306 cobis
565 4289 626 4302 ......
637 4251 717 4304 erct-
767 4249 916 4304 Suetonius
953 4253 1185 4317 prenominatum
1216 4249 1264 4305 the

219 4338 342 4392 uentibus
368 4337 444 4390 nobie.
492 4337 540 4391 See
568 4336 617 4392 the
644 4351 717 4390 same
765 4335 887 4390 absolute
912 4354 960 4391 use
977 4331 1013 4390 ol
1036 4335 1091 4390 this
1119 4333 1196 4390 word·
1220 4335 1264 4392 for

217 4421 343 4477 artificia}
360 4421 517 4491 diapou'tio'n
532 4419 564 4476 ol
583 4421 673 4478 words
688 4423 719 4476 in
762 4425 941 4488 mmmmm
959 4425 1113 4480 mum
1136 4423 1265 4477 occurred

221 4529 243 4563 e.
262 4512 304 4564 lt.
339 4510 425 4577 Lupet
443 4509 489 4563 Sol
499 4507 589 4576 fillum
607 4513 718 4570 uecanrt-
768 4507 846 4562 twice
863 4507 893 4562 iu
909 4522 932 4562 c.
949 4506 974 4562 2.
