3306 5176
514 359 630 408 arnan
657 361 958 412 nronoonmous.
1204 341 1247 406 ll

211 563 351 635 negare,
381 561 452 610 non
479 561 524 612 ex
552 537 623 612 fide
648 539 807 636 negarit:
842 549 878 612 et
908 538 1088 612 absolutus
1116 536 1247 610 ibidem
1298 552 1374 658 opp

212 673 292 762 post
310 663 469 736 tribunal
497 662 541 736 de
570 675 686 738 vestra
712 663 828 738 rideat
853 665 1088 749 aemulatione,
1118 666 1249 737 iterum'
1263 695 1409 706 ---

214 789 448 863 Christianus.
508 789 599 864 Cum
634 791 747 888 igitur
778 791 816 864 iu
854 791 1017 864 omnibus
1049 815 1112 862 nos
1146 789 1250 862 aliter

214 914 449 1012 disponatis¹⁸‚
473 939 577 1009 quam
605 926 737 987 eeteros
766 925 944 1000 nocentes,
965 914 1008 986 ¹id
1031 939 1143 986 unum
1170 938 1251 986 con-

215 1038 404 1120 tendendo,
428 1050 471 1111 ut
505 1038 549 1112 de
580 1065 620 1112 eo
650 1039 793 1112 nomine
822 1039 1052 1113 excludamur
1080 1038 1251 1122 (excludi-

214 1187 295 1235 mur
314 1163 420 1247 enim,
446 1163 476 1236 si
495 1161 654 1247 facimus,
678 1188 754 1259 quae
774 1161 911 1235 faoiunt
931 1189 1001 1238 non
1028 1163 1250 1257 Christiani),

214 1285 416 1384 intelligere
431 1289 579 1384 potestis
594 1314 664 1360 nou
683 1289 796 1362 scelus
813 1288 956 1384 aliquod
973 1291 1010 1361 in
1030 1315 1151 1362 caussa
1166 1314 1252 1373 esse,

216 1414 277 1487 sed
302 1439 442 1498 nomen,
471 1413 564 1510 quod
585 1413 744 1509 quaedam
768 1415 859 1486 ratio
880 1414 1014 1506 aemulae
1041 1415 1253 1510 operationis

215 1539 454 1636 insequitur¹⁹,
469 1537 536 1610 hoe
560 1539 713 1634 primum
744 1563 863 1636 agens,
886 1550 929 1610 ut
954 1537 1113 1612 homines
1136 1537 1254 1611 nolint

217 1667 304 1740 seire
325 1689 389 1762 pro
416 1674 522 1749 certo,
553 1663 647 1760 quod
680 1689 716 1738 se
742 1665 875 1736 nescire
903 1689 966 1762 pro
996 1674 1090 1738 certo
1124 1664 1253 1736 sciunt.

216 1792 304 1864 Ideo
325 1801 363 1864 et
388 1789 536 1862 eredunt
563 1789 608 1862 de
637 1790 738 1860 nobis
767 1814 845 1885 quae
875 1814 946 1863 nou
978 1790 1182 1886 probantur,
1217 1799 1254 1862 et

216 1917 345 1990 nolunt
368 1916 511 2011 inquiri,
537 1941 582 1988 ne
603 1915 796 2011 probentur
814 1941 885 1988 non
904 1941 989 2001 esse,
1010 1941 1088 2012 quoe
1113 1915 1254 1990 malunt

217 2043 312 2116 credi
346 2068 431 2126 esse,
470 2052 512 2114 ut
546 2066 675 2114 nomen
712 2042 810 2114 illius
845 2043 980 2116 aemulae
1017 2044 1163 2116 rationis
1199 2044 1255 2116 iu-

217 2169 374 2252 imioum,
408 2167 641 2265 presumptis,
668 2193 739 2240 non
770 2168 926 2263 probatis
964 2169 1182 2251 criminibus,
1210 2167 1255 2241 de

218 2317 282 2366 sua
312 2293 386 2366 sola
419 2291 634 2366 confessione
674 2293 875 2366 damnetur.
929 2293 1016 2366 Ideo
1050 2305 1256 2390 torquemur

217 2419 436 2503 confitentes,
456 2429 493 2492 et
511 2419 680 2516 punimur
700 2429 972 2515 perseverantes,
988 2431 1025 2492 et
1042 2421 1256 2496 absolvimur

217 2554 399 2640 negantes,
418 2544 501 2641 quia
520 2545 674 2616 nominis
691 2544 854 2640 proelium
877 2553 940 2617 est.
979 2543 1150 2642 Denique
1168 2548 1255 2644 quid

217 2669 262 2743 de
287 2669 419 2743 tabella
442 2671 600 2743 recitatis
622 2669 724 2742 illum
754 2667 1012 2756 Christianum,
1038 2696 1099 2743 eur
1121 2697 1193 2744 non
1218 2685 1255 2745 et

217 2793 461 2868 homicidam?
515 2793 555 2866 si
577 2793 755 2867 homicida
780 2791 1015 2881 Christianus,
1040 2821 1102 2868 eur
1125 2807 1256 2870 nouat

218 2922 398 2994 incestus?
435 2920 490 2993 vel
515 2919 748 3032 quodeunque
772 2919 872 2992 aliud
896 2944 959 2992 nos
985 2946 1059 2994 esse
1083 2920 1253 2994 eraditis?

220 3045 265 3118 In
283 3046 384 3119 nobis
405 3045 487 3118 solis
502 3045 615 3141 pudet
634 3055 696 3117 aut
712 3045 812 3142 piget
827 3046 912 3141 ipsis
929 3047 1133 3118 nominibus
1151 3046 1256 3119 seele-

218 3196 295 3244 rum
325 3171 582 3268 pronuntiare?
635 3167 858 3242 Christianus
885 3171 914 3241 si
941 3169 1075 3242 nullius
1099 3170 1256 3244 oriminis

219 3323 299 3370 reus
323 3309 389 3380 est,
422 3321 551 3369 nomen
575 3294 678 3368 valde
703 3293 886 3378 infestum,
913 3295 942 3365 si
969 3293 1076 3366 solius
1101 3297 1256 3369 nominis

220 3422 352 3494 crimen
377 3431 442 3492 est.

268 3667 290 3700 ¹⁸
305 3669 565 3737 disponentia—Since
579 3687 635 3738 you
646 3674 716 3722 neat
760 3671 895 3736 pessis-e.
906 3672 949 3722 to.
972 3687 1021 3723 our
1033 3675 1181 3739 querimini,
1192 3676 1260 3742 quod

219 3773 252 3809 us
267 3757 298 3808 in
312 3773 394 3824 every
409 3756 523 3825 stageof
534 3754 582 3808 the
593 3753 716 3823 proceed·
764 3772 808 3808 oos
822 3752 1016 3824 insequamur?
1048 3755 1081 3810 So
1095 3761 1258 3825 insecutores,

220 3843 289 3910 ings,
302 3839 353 3894 &a
765 3859 787 3894 o.
807 3844 832 3894 5.
868 3843 987 3896 Inseotor
1009 3843 1032 3896 is
1054 3860 1128 3897 more
1150 3846 1259 3915 usually

271 3923 716 3995 ”uumquemque-“Which
764 3927 908 3996 employed
928 3929 957 3980 in
976 3927 1031 3982 this
1051 3919 1134 3996 sense,
1152 3931 1203 3985 but
1222 3932 1260 3986 all

220 4027 294 4064 some
316 4018 416 4079 system
439 4011 470 4065 of
492 4011 589 4066 hostile
614 4029 716 4080 agenoy
764 4013 811 4066 the
830 4014 995 4081 oompounds
1014 4015 1045 4068 of
1063 4033 1153 4084 sequor
1175 4017 1261 4072 admit

221 4097 395 4165 perseeutes.''
424 4097 594 4152 Theoemulo
607 4100 674 4150 ratio
685 4115 717 4150 or
764 4099 796 4161 it,
807 4099 860 4152 and
872 4115 938 4152 even
946 4098 994 4153 the
1004 4101 1100 4170 simple
1110 4102 1189 4157 form.
1213 4104 1261 4157 See

220 4185 288 4236 ratio
312 4185 419 4235 remulce
439 4187 601 4251 opmota'onir,
624 4183 647 4235 is
668 4182 716 4237 the
765 4202 787 4237 o.
801 4187 825 4238 9.
847 4185 910 4237 AEn.
922 4203 973 4239 xrr.
982 4188 1041 4240 615.
1050 4205 1076 4240 v.
1088 4189 1147 4242 384.
1176 4191 1261 4243 Ense·

221 4267 299 4322 work
319 4267 349 4320 of
364 4267 443 4321 Satan
462 4269 514 4322 and
532 4269 575 4322 his
593 4269 716 4322 damona
766 4273 835 4324 cutio
849 4272 873 4324 is
888 4271 953 4325 used
967 4270 1036 4325 Λᾶν.
1055 4272 1119 4326 Jud.
1141 4292 1163 4327 c.
1181 4276 1205 4327 3.
1235 4274 1260 4326 A

222 4354 270 4408 See
290 4371 313 4408 o.
332 4356 366 4406 22
385 4353 438 4406 and
458 4353 608 4408 elsewhere.
643 4357 717 4408 Inae-
766 4354 836 4408 little
849 4357 944 4423 below,
958 4357 1005 4412 the
1020 4360 1137 4427 genitive
1150 4363 1263 4413 rationis

221 4439 403 4508 quitur—like
423 4445 651 4510 mesquitam—o.
674 4444 716 4493 21.
766 4441 883 4509 depende
902 4450 950 4497 not
971 4461 1006 4498 on
1029 4462 1120 4498 nomen
1139 4445 1190 4499 but
1208 4449 1261 4498 ina·-

222 4544 239 4578 α
250 4528 359 4580 Judaeis
368 4529 557 4594 insequentibus
568 4529 650 4580 multo
659 4545 717 4594 per-
767 4531 871 4580 misum.
