3300 5180
408 341 479 414 162
791 367 1056 417 rnnronnranr

255 557 367 666 xliii}
406 548 491 642 quia
516 571 614 644 aeque
643 570 714 620 non
738 547 912 622 difficile¹⁰
934 548 1048 622 factus
1071 574 1119 633 es,
1145 549 1240 646 quod
1263 573 1443 644 nunquam

251 691 393 704 *ss
406 671 507 745 firisti
526 673 726 770 aliquando.
769 673 1021 758 Dubitabitur,
1039 673 1151 759 credo,
1169 674 1214 748 de
1228 675 1286 748 dei
1302 675 1445 757 viribus,

407 799 469 894 qui
506 808 648 872 tantum
681 825 804 897 corpus
840 799 907 873 hoc
934 800 1060 874 muudi
1095 800 1140 873 de
1178 825 1219 873 eo
1250 800 1344 896 quod
1374 825 1445 872 non

407 921 533 1008 fuerat,
567 949 638 996 non
671 926 789 998 minus
823 949 928 1020 quam
962 926 1007 998 de
1036 937 1149 999 morte
1183 925 1376 998 vacationis
1409 937 1446 998 et

407 1047 592 1120 inanitatis
618 1050 856 1146 composuit¹¹,
891 1051 1090 1123 animatum
1125 1050 1253 1147 spiritu
1286 1051 1445 1123 omnium

406 1174 602 1248 animarum
614 1177 819 1260 animatore,
834 1177 1012 1273 signatum
1028 1186 1065 1249 et
1076 1201 1138 1273 per
1150 1177 1266 1273 ipsum
1281 1173 1446 1249 humanae

405 1301 667 1372 resurrectionis
684 1300 886 1397 exemplum
902 1301 940 1372 in
956 1301 1200 1373 testimonium
1215 1300 1323 1372 vobis.
1358 1299 1445 1371 Lux

406 1422 564 1520 quotidie
586 1424 774 1498 interfecta
794 1424 1006 1522 resplendet,
1035 1436 1071 1498 et
1098 1426 1251 1498 tenebrae
1272 1425 1348 1521 pari
1371 1425 1446 1496 vice

405 1549 635 1623 decedend0¹²
656 1549 860 1633 succedunt,
885 1548 999 1622 sidera
1026 1548 1195 1622 defuncta
1218 1549 1443 1632 reviviscunt,

404 1688 563 1774 tempora
579 1679 641 1749 ubi
664 1678 850 1762 finiuntur,
868 1678 1057 1773 incipiunt,
1080 1675 1216 1748 fructus
1232 1699 1443 1748 consumun-

404 1813 463 1874 tur
490 1813 527 1876 et
549 1803 721 1891 redeuut3
749 1813 843 1876 certe
872 1804 1007 1876 semina
1030 1827 1102 1874 non
1125 1801 1195 1875 nisi
1218 1813 1382 1898 corrupta
1405 1811 1443 1872 et

403 1926 574 2002 dissoluta
597 1927 783 2002 fecundius
807 1929 1012 2026 surgunt¹³P
1038 1927 1157 1999 omnia
1172 1926 1353 2023 pereundo
1374 1951 1444 2000 ser-

404 2063 544 2137 vantur,
566 2053 686 2126 omnia
704 2052 748 2126 de
770 2053 920 2126 interitu
944 2052 1189 2125 reformantur.
1242 2052 1303 2124 Tu
1327 2051 1443 2137 homo,

404 2190 544 2284 tantum
571 2203 712 2263 nomen,
745 2181 773 2252 si
799 2179 980 2276 intelligas
1006 2191 1053 2258 te,
1082 2177 1139 2250 vel
1171 2178 1215 2250 de
1242 2178 1350 2251 titulo
1374 2176 1445 2274 Py-

403 2303 488 2377 thiae
516 2304 663 2390 discens,
691 2305 860 2377 dominus
883 2303 1042 2376 omnium
1070 2305 1297 2377 morientium
1326 2314 1363 2377 et
1390 2329 1444 2376 re-

401 2430 621 2526 surgentium
638 2427 683 2501 ad
700 2427 767 2501 hoc
783 2429 952 2510 morieris,
971 2440 1013 2503 ut
1034 2431 1183 2526 pereas?
1221 2428 1440 2525 Ubicunque

400 2553 575 2628 resolutus
608 2554 754 2640 fneris¹⁴,
780 2581 998 2653 quaecunque
1031 2567 1067 2628 te
1099 2557 1247 2629 materia
1279 2555 1442 2628 destrux·

400 2679 480 2764 erit,
516 2679 683 2766 hauserit,
722 2683 925 2767 aboleverit,
959 2683 998 2754 in
1036 2681 1190 2755 nihilum
1229 2681 1442 2779 prodegerit,

399 2805 525 2880 reddet
548 2818 598 2880 te.
645 2805 738 2904 Ejus
746 2812 767 2846 ¹⁶
791 2819 845 2880 est
868 2806 1021 2879 nihilum
1051 2808 1179 2905 ipsum,
1205 2811 1305 2903 cujus
1327 2819 1364 2880 et
1389 2817 1443 2878 to-

401 2945 490 3007 tum.
542 2931 653 3031 Ergo,
683 2933 845 3029 inquitis,
881 2958 1016 3030 semper
1044 2934 1267 3006 moriendum
1293 2934 1372 3016 erit,
1404 2943 1442 3004 et

400 3085 537 3158 semper
560 3059 827 3157 resurgendum.
877 3058 915 3131 si
944 3061 997 3132 ita
1024 3084 1141 3133 rerum
1170 3059 1334 3132 domiuus
1362 3057 1440 3131 des-

450 3326 470 3356 ¹⁰
486 3345 556 3396 mque
584 3344 637 3379 non
660 3328 783 3394 difficile,·
820 3324 896 3378 there
946 3329 1100 3394 means‘go
1111 3325 1164 3379 and
1176 3323 1343 3390 come,'asif
1350 3323 1373 3377 it
1387 3323 1442 3378 had

397 3431 509 3482 appears
520 3419 548 3466 to
559 3413 593 3465 be
604 3429 640 3466 no
651 3410 735 3465 doubt
749 3411 831 3464 about
841 3409 896 3463 this
945 3412 1013 3484 been
1025 3415 1184 3480 ‘postquam
1201 3411 1366 3474 decesserint,
1382 3427 1442 3464 suc·

397 3499 515 3568 reading,
531 3498 584 3551 and
602 3503 649 3566 yet
667 3498 690 3550 it
709 3514 759 3550 can
778 3495 895 3564 scarcely
944 3498 1043 3551 cedunt
1060 3495 1168 3550 rursus!

397 3583 431 3636 be
449 3589 550 3637 correct
557 3601 566 3647 ;
592 3582 632 3635 Dr
650 3581 756 3636 Ashton
774 3587 895 3650 suggests
995 3580 1015 3612 ¹³
1040 3581 1135 3636 lCor.
1155 3600 1201 3635 xv.
1221 3583 1264 3635 36.
1298 3583 1441 3649 Incipiam,

397 3687 413 3724 a
434 3687 499 3738 very
519 3669 588 3738 good
608 3667 778 3723 emendation
797 3668 828 3720 in
846 3666 894 3720 the
944 3677 974 3722 tu
990 3671 1057 3736 quod
1073 3671 1195 3733 seminas,
1212 3683 1266 3720 oon
1285 3669 1441 3735 cicatricentur,

397 3755 520 3823 margin3
546 3759 608 3822 quin
624 3773 703 3823 mque,
719 3757 786 3822 qnod
804 3755 894 3820 orffier'-
943 3757 997 3807 nisi
1013 3757 1150 3808 morisim.

397 3845 456 3906 lios,
470 3838 520 3894 &e
533 3841 584 3894 bnt
600 3841 665 3894 adds
677 3840 739 3894 that
754 3839 789 3892 he
803 3837 893 3891 would
994 3838 1013 3870 ¹⁴
1027 3842 1185 3907 'menqcc
1194 3841 1419 3906 mdutosfuerr‘s
1425 3857 1439 3901 ;

396 3926 488 3982 rather
498 3925 595 3994 totally
606 3927 688 3995 reject
703 3925 751 3980 the
763 3924 850 3977 words
864 3941 894 3978 as
942 3926 961 3978 i.
985 3944 1007 3979 e.
1032 3927 1119 3979 “into
1142 3924 1279 3978 whatever
1301 3925 1441 3979 substance

396 4011 512 4081 agloss.
553 4009 613 4063 Tho
641 4016 784 4080 argument
812 4008 892 4074 itself,
942 4029 998 4081 yon
1020 4028 1085 4080 may
1107 4010 1176 4067 have
1199 4011 1268 4065 been
1295 4009 1441 4064 resolved.”

392 4101 501 4167 placeat
510 4097 605 4163 fecisse
620 4093 893 4164 qnnmrefccissahas
943 4097 1004 4151 ΤΙιο
1026 4097 1181 4166 expression
1209 4097 1233 4150 is
1257 4113 1382 4150 common
1410 4099 1441 4150 in

395 4186 464 4238 been
492 4181 646 4250 repeatedly
673 4179 757 4249 urged
785 4179 823 4248 by
845 4179 892 4233 the
943 4183 1092 4237 Lucretius.

397 4270 516 4324 Fathers.
992 4267 1012 4298 ¹⁶
1028 4271 1084 4335 ejas
1106 4275 1143 4320 est
1166 4269 1301 4328 officiium]
1335 4267 1440 4322 “That

446 4354 466 4386 ¹¹
487 4357 571 4408 Terra
586 4360 673 4406 cutem
688 4359 744 4404 mot
762 4355 891 4404 inaniret
940 4357 1046 4420 notbiop
1068 4352 1143 4406 itself
1158 4354 1216 4422 just
1235 4352 1338 4421 spoken
1359 4353 1396 4418 of,
1417 4355 1441 4407 is

395 4459 485 4496 cacum
940 4439 1026 4492 under
1039 4437 1086 4491 the
1104 4439 1241 4493 dominico
1257 4439 1288 4492 of
1299 4438 1346 4492 the
1364 4455 1438 4494 same

446 4524 466 4556 ¹²
483 4527 618 4578 modeim
632 4525 771 4578 succedunt
787 4523 891 4592 merely
942 4524 1042 4578 Master
1052 4541 1081 4578 as
1092 4525 1116 4578 is
1127 4524 1173 4579 the
1184 4523 1333 4578 universe.’'
