3250 5172
478 342 595 392 nisan
620 341 921 392 archoonurcos.
1182 327 1204 400 7

174 522 331 598 titudine
355 525 591 620 perturbatus,
618 522 705 620 quid
732 523 777 596 de
805 528 936 596 cetero⁶
962 531 1092 619 ageret,
1121 547 1200 596 con·
1254 539 1331 650 Ciip'

175 648 285 722 suluit
310 648 504 744 Trajanum
523 662 610 722 tunc
625 651 882 746 imperatorem,
901 648 1056 746 allegans
1071 659 1202 745 ,praeter
1215 685 1358 698 --·-

175 776 448 848 obstinationem
481 801 553 848 non
583 775 810 861 sacrificandi,
839 774 932 849 nihil
963 775 1061 848 aliud
1091 801 1127 848 se
1158 774 1202 848 de

176 901 401 974 sacramentis
427 927 547 974 eorum
568 901 785 998 comperisse,
804 925 910 998 quam
937 911 1045 974 coetus
1068 899 1204 974 antelu-

177 1052 279 1100 canos
306 1027 352 1100 ad
380 1027 577 1101 canendum
611 1025 751 1100 Christo
778 1038 821 1101 ut
846 1027 911 1101 deo
938 1025 1045 1100 etad
1077 1025 1204 1100 confoe·

177 1151 366 1226 derandum
411 1153 645 1250 disciplinam,
688 1153 931 1238 homicidium,
979 1153 1204 1240 adulterium,

177 1279 347 1365 fraudem,
371 1280 566 1377 perfidiam,
597 1292 634 1355 et
666 1293 780 1354 cetera
807 1280 935 1354 scelera
971 1279 1204 1377 prohibentes.

177 1404 282 1480 Tunc
317 1405 493 1502 Trajanus
533 1409 736 1504 rescripsit⁷,
774 1405 840 1480 hoc
881 1431 992 1504 genus
1025 1408 1204 1504 inquiren-

178 1529 239 1602 dos
266 1530 409 1626 quidem
432 1555 503 1603 non
528 1557 611 1616 esse,
632 1531 765 1605 oblatos
790 1557 870 1605 vero
893 1532 1012 1629 puniri
1037 1543 1204 1628 oportere.

178 1652 214 1725 O
229 1657 441 1729 sententiam
456 1659 665 1730 necessitate
689 1656 902 1730 confusam⁸!
949 1656 1071 1755 Negat
1087 1659 1204 1756 inqui-

177 1780 303 1854 rendos
341 1793 383 1854 ut
421 1783 635 1865 innocentes,
678 1793 714 1856 et
751 1783 899 1856 mandat
930 1783 1126 1881 puniendos
1163 1794 1205 1858 ut

178 1919 353 1982 nocentes.
404 1908 528 1982 Parcit
560 1922 596 1982 et
625 1911 733 1996 saevit,
759 1909 958 1983 dissimulat
985 1920 1023 1982 et
1050 1910 1206 1984 animad-

178 2031 296 2104 vertit.
348 2031 449 2117 Quid
472 2034 700 2131 temetipsum
727 2059 870 2107 censura
893 2033 1147 2108 circumvenis?
1177 2036 1206 2108 si

180 2156 337 2238 damnas,
361 2183 422 2230 cur
447 2181 517 2230 non
539 2168 576 2231 et
602 2159 779 2255 inquiris?
812 2159 841 2230 si
867 2182 937 2231 non
960 2159 1120 2255 inquiris,
1146 2184 1207 2233 cur

179 2306 250 2354 non
274 2292 311 2354 et
341 2283 518 2356 absolvis?
546 2283 764 2358 Latronibus
793 2282 1008 2381 vestigandis
1037 2309 1098 2381 per
1125 2286 1205 2357 uni-

179 2433 293 2480 versas
312 2409 507 2505 provincias
533 2409 699 2482 militaris
722 2409 828 2482 statio
858 2410 1039 2495 sortitur⁹3
1066 2409 1104 2481 in
1132 2435 1207 2482 reos

179 2531 374 2629 majestatis
392 2545 429 2608 et
446 2534 602 2631 publicos
622 2533 740 2608 hostes
758 2535 871 2608 omnis
892 2533 996 2608 homo
1019 2535 1120 2608 miles
1136 2545 1205 2621 est3

178 2659 226 2732 ad
251 2661 369 2746 socios,
392 2660 438 2733 ad
464 2661 615 2734 conscios
636 2684 746 2757 usquc
770 2659 953 2756 inquisitio
991 2659 1207 2733 extenditur.

231 2890 301 2946 “De
317 2892 544 2962 cetero-possibly
557 2909 671 2958 numero,
720 2892 870 2961 constantly
897 2892 963 2947 used
993 2892 1030 2962 by
1059 2893 1209 2950 Tertullian

180 2971 231 3031 but
243 2977 257 3029 I
269 2977 359 3031 would
370 2977 460 3031 rather
471 2978 569 3047 supply
576 2982 672 3046 nogotio
720 2977 788 3031 with
802 2977 849 3031 the
863 2977 919 3031 like
934 2977 1035 3047 ellipse.

181 3061 288 3116 -Hovv
306 3063 341 3116 hs
361 3063 457 3117 should
474 3063 610 3132 generally
629 3070 672 3118 aot
770 3062 944 3118 ⁸aececsitctc
965 3061 1100 3131 confusam
1107 3081 1210 3125 ;—ns·

182 3148 309 3202 infuture
318 3166 397 3202 casas.
409 3149 631 3217 Constrolleqoas
637 3167 671 3214 sc,
720 3149 843 3217 cessarily
858 3149 928 3202 from
941 3148 988 3202 the
1006 3167 1064 3203 case
1081 3149 1156 3204 itsclf
1169 3150 1210 3203 in-

179 3241 276 3302 prater
300 3236 461 3287 obst—nibil
485 3251 673 3302 comp—quam
721 3234 871 3287 consistent.
897 3237 1104 3296 circumsessam
1129 3253 1155 3288 v.
1175 3235 1210 3289 ad

141 3385 144 3390 ¹
183 3327 264 3374 coetas
280 3321 376 3387 prohib.
420 3320 520 3374 Christo
538 3327 569 3372 ut
586 3322 674 3373 Deo-
721 3336 744 3372 c.
762 3321 804 3372 22.

182 3403 435 3473 thisisclearlythe
446 3411 547 3458 correct
557 3405 673 3472 reading,
771 3401 923 3459 ”Sortitaa
975 3404 1044 3460 This
1073 3410 1147 3459 must
1177 3405 1211 3460 be

183 3491 236 3545 and
255 3496 303 3544 not
321 3498 352 3544 ct.
388 3489 448 3544 The
465 3491 629 3560 importance
647 3487 677 3542 of
721 3488 804 3543 taken
814 3491 954 3560 passively.
973 3491 1032 3546 Ido
1043 3501 1090 3546 not
1098 3507 1211 3546 remem-

183 3575 230 3630 the
241 3576 372 3630 variation
387 3575 444 3629 will
455 3577 537 3646 easily
547 3578 581 3631 be
596 3593 672 3630 seen:
722 3575 770 3628 ber
780 3581 880 3628 everto
895 3575 963 3630 have
977 3595 1039 3632 seen
1049 3579 1072 3632 it
1083 3595 1111 3632 so
1122 3595 1212 3632 occur-

185 3659 286 3732 Pliny's
308 3662 504 3730 expression-
513 3665 588 3730 prosi
609 3663 674 3726 Deo,
721 3662 783 3730 ring
793 3660 943 3728 elsewhere,
955 3663 1005 3717 but
1015 3663 1062 3718 the
1073 3664 1116 3718 old
1127 3664 1212 3718 active

184 3748 281 3802 isless
309 3747 389 3802 liable
411 3754 440 3801 to
467 3748 621 3816 corruption
645 3764 676 3800 or
722 3746 792 3801 form
811 3751 889 3801 cortic
911 3749 935 3801 is
955 3749 1021 3803 used
1042 3749 1080 3818 by
1100 3749 1212 3816 Ennius,

185 3833 450 3902 misrepresentation.
468 3832 598 3901 Compare
605 3831 676 3886 Wil·
723 3833 776 3887 and
795 3833 911 3887 remains
932 3834 961 3887 in
979 3834 1091 3889 Plautus
1109 3831 1211 3905 (Oasin.

185 3935 234 3972 son
264 3937 299 3973 on
332 3919 379 3973 the
410 3919 480 3972 New
511 3917 674 3984 Testament,
723 3922 749 3984 2,
772 3922 798 3985 6,
820 3918 877 3990 43.)
901 3937 1022 3990 compare
1047 3923 1121 3986 odiri,
1141 3939 1163 3975 c.
1187 3923 1212 3976 3.

186 4022 209 4058 c.
230 4021 309 4058 xvur.
377 4051 381 4056 .
723 4008 858 4070 medullari,
870 4023 892 4058 c.
904 4004 946 4064 27.
957 4008 1067 4073 opinari,
1080 4007 1179 4061 Amob.
1191 4025 1210 4060 1.

237 4087 248 4122 ⁷
265 4089 504 4158 rescripsit-this
526 4090 676 4158 expression
724 4093 766 4144 12.
792 4090 851 4145 The
869 4109 943 4145 sense
963 4091 1020 4144 will
1036 4091 1078 4157 be,
1101 4093 1149 4146 “is
1166 4111 1212 4162 ap-

185 4175 293 4229 bscame
302 4175 431 4230 technical
438 4194 447 4242 ;
459 4180 621 4243 rescriptum,
630 4177 676 4228 ‘an
723 4177 832 4245 pointed
842 4182 870 4231 to
882 4176 928 4230 the
940 4177 1007 4246 duty
1018 4177 1055 4246 by
1066 4177 1128 4231 lot.'¹
1153 4177 1212 4232 The

186 4261 345 4326 ordinance‚'
367 4261 441 4315 thaso
459 4263 614 4316 documenta
631 4277 676 4315 are
724 4261 934 4331 robbercaptain
952 4263 981 4316 in
995 4262 1125 4332 Apuleius
1141 4259 1213 4333 (Mc-

186 4347 323 4417 presently
334 4347 419 4401 called
430 4349 439 4376 ‘
444 4351 593 4416 principum
603 4365 677 4401 mass·
724 4352 789 4400 tam.
801 4347 863 4417 vu.)
872 4348 1000 4418 speaking
1010 4348 1041 4402 of
1047 4349 1134 4403 oneof
1139 4349 1212 4403 these

186 4433 341 4488 aoca.'—1oa
357 4449 447 4502 penca,
467 4451 502 4489 sc.
525 4438 677 4490 comiscea-
724 4433 835 4487 stations
845 4433 909 4489 calls
919 4435 942 4489 it
957 4436 1049 4501 ‘chtto
1061 4437 1213 4489 militarium

187 4523 309 4588 ejusmodi
327 4520 380 4574 and
402 4519 479 4576 other
501 4519 609 4590 phrases
632 4539 676 4576 arc
726 4518 932 4573 oscillationem!
