3306 5176
410 339 459 406 42
791 360 1058 444 renrunnraur

283 534 360 643 ⁰21?-
407 533 645 613 humanitatis
661 541 703 614 in
722 541 961 629 divinitatem,
979 545 1063 640 quia
1081 569 1173 640 qnae
1186 543 1262 615 illis
1276 543 1447 617 &tiones

249 678 395 688 -“”
409 670 446 734 ct
473 673 666 758 potestates
697 663 940 754 distribuistis,
971 677 1044 742 tam
1077 644 1242 742 fuerunt*
1258 669 1305 740 ab
1330 669 1447 752 initio,

409 811 514 883 quam
537 800 575 862 et
599 787 761 878 fuissent,
782 794 921 866 etiamsi
947 795 1029 868 deos
1055 796 1142 868 istos
1161 819 1231 868 non
1256 794 1447 868 creassetis.

410 910 482 986 Sed
511 917 758 991 convertimini
788 919 833 992 ad
862 944 1018 994 caussam
1048 921 1167 1006 aliam,
1196 919 1449 1017 respondentes

409 1039 632 1116 collationem
655 1043 857 1118 divinitatis
879 1046 1085 1119 meritorum
1111 1043 1447 1118 remunerandorum

410 1162 517 1240 finisse
538 1170 722 1242 rationem.
770 1168 825 1243 Et
846 1168 931 1244 hinc
953 1171 1163 1257 concedetis,
1187 1170 1323 1269 opinor,
1343 1170 1448 1244 illum

408 1291 514 1366 deum
537 1293 701 1368 deificum
723 1297 868 1391 justitia
889 1297 1102 1393 praecellere,
1129 1298 1191 1394 qui
1214 1321 1281 1370 nec
1303 1307 1447 1382 temere,

409 1443 477 1492 nec
499 1420 648 1518 indigne
671 1446 737 1494 nee
762 1422 908 1521 prodige
933 1434 1075 1497 tautum
1102 1426 1286 1520 praemium
1310 1423 1450 1520 dispen-

410 1545 509 1618 sarit.
562 1545 657 1620 Volo
684 1548 797 1645 igitur
824 1549 954 1621 merita
983 1573 1173 1634 recensere,
1202 1573 1248 1621 an
1276 1548 1450 1645 ejusmodi

412 1670 497 1756 sint,
527 1682 570 1744 ut
598 1659 678 1746 illos
706 1675 744 1746 in
771 1673 898 1747 eoelum
925 1674 1132 1759 extulerint,
1165 1684 1202 1748 et
1228 1700 1299 1749 non
1332 1677 1451 1772 potius

413 1795 450 1866 in
488 1797 601 1869 imum
641 1808 814 1871 tartarum
853 1798 1096 1884 demerserint,
1136 1825 1241 1896 quern
1277 1825 1450 1874 carcerem

410 1945 592 2016 poenarum
617 1921 834 1996 infernarum
859 1949 939 1996 cum
961 1924 1087 1997 vultis⁹
1109 1926 1305 2002 affirmetis.
1358 1926 1451 2000 Illuc

411 2047 506 2119 enim
532 2047 691 2122 abstrudi
717 2049 832 2123 solent
858 2051 961 2147 impii
989 2052 1120 2149 quique
1146 2053 1184 2126 in
1208 2063 1383 2150 parentes,
1411 2065 1448 2126 et

411 2173 450 2244 in
480 2199 611 2247 sorores
640 2175 779 2260 incesti,
809 2187 846 2250 et
876 2178 1083 2250 maritarum
1117 2177 1283 2263 adulteri,
1313 2189 1350 2252 et
1380 2179 1449 2250 vir-

411 2298 536 2395 ginum
549 2311 706 2397 raptores
724 2312 761 2373 et
776 2325 963 2397 puerorum
982 2303 1288 2389 contaminatores,
1306 2313 1342 2376 et
1361 2305 1451 2399 qui¹⁰

411 2425 572 2510 saeviunt,
600 2437 637 2498 et
666 2429 727 2522 qui
758 2425 937 2511 occidunt,
964 2441 1001 2500 et
1028 2427 1091 2523 qui
1116 2426 1290 2512 furantur,
1320 2438 1357 2501 et
1389 2429 1451 2524 qui

413 2550 608 2647 decipiunt,
637 2563 674 2624 et
701 2553 903 2650 quicunque
938 2553 1069 2626 similes
1102 2565 1186 2626 sunt
1213 2554 1363 2650 alicujus
1395 2555 1454 2628 dei

415 2676 533 2760 vestri,
555 2701 658 2772 quem
677 2679 853 2750 neminem
873 2679 1053 2774 integrum
1075 2704 1096 2750 a
1115 2680 1262 2752 crimine
1278 2691 1342 2752 aut
1365 2681 1454 2752 vitio

413 2801 559 2897 probare
576 2803 749 2898 poteritis,
767 2804 836 2875 nisi
854 2802 1034 2876 hominem
1053 2805 1277 2902 negaveritis.
1309 2807 1451 2903 Atquin

414 2937 457 3000 ut
479 2927 560 3001 illos
583 2927 743 3002 homines
766 2928 875 3002 fuisse
897 2955 969 3002 non
994 2933 1142 3027 potestis
1163 2936 1322 3029 negare¹¹
1346 2933 1454 3004 etiem

414 3139 438 3190 is
454 3137 520 3192 used
537 3137 603 3191 with
621 3155 638 3191 e
655 3137 753 3204 dative,
768 3138 801 3192 de
816 3139 912 3192 Rasum
961 3138 1154 3193 Juv.11.149.
1190 3138 1250 3193 The
1268 3139 1391 3193 criminel
1411 3139 1457 3193 list

415 3223 495 3278 Cern.
511 3241 534 3292 c.
546 3227 572 3276 8.
586 3241 646 3278 oum
657 3227 747 3277 animo
758 3226 816 3278 Deo
827 3227 912 3293 ellopi-
961 3223 1100 3294 following
1122 3225 1146 3278 is
1168 3225 1251 3278 tehen
1275 3225 1346 3279 from
1369 3224 1457 3294 Virgil

414 3318 468 3376 tur,
484 3313 541 3378 ipso
558 3304 646 3382 (caro)
661 3317 699 3364 eat
715 3326 777 3378 quoe
793 3314 867 3380 qffioit
882 3319 914 3364 ut
962 3311 1015 3364 and
1030 3310 1108 3364 other
1118 3311 1222 3364 writers
1237 3329 1272 3365 on
1286 3311 1332 3365 the
1344 3312 1456 3381 subject,

413 3398 684 3464 animatqtpoaetn
696 3396 798 3464 endby
806 3395 913 3462 Seneca,
962 3395 1052 3450 which
1072 3397 1095 3451 is
1114 3396 1221 3451 alludcd
1241 3403 1271 3450 to
1290 3398 1319 3451 in
1342 3397 1389 3451 the
1410 3415 1458 3450 ex·

415 3480 511 3550 Agam.
524 3484 585 3535 812.
962 3483 1081 3550 pression
1091 3486 1179 3537 soleat.

465 3565 563 3622 ⁹Cam
582 3571 669 3622 uultis
713 3566 781 3621 This
800 3567 910 3636 reading
1010 3566 1030 3597 ¹⁰
1048 3570 1149 3623 soeoire
1160 3585 1174 3630 ;
1211 3572 1259 3622 ‘to
1288 3569 1399 3638 indulge
1424 3569 1455 3622 in

414 3669 526 3720 appears
544 3660 572 3708 to
590 3671 634 3707 me
652 3653 694 3708 far
708 3671 783 3707 more
800 3652 910 3707 forcible
958 3654 1156 3723 ungovernable
1177 3654 1311 3724 passions'
1357 3655 1456 3710 Seneca

415 3739 469 3792 and
483 3739 756 3794 characteristicthen
773 3738 820 3792 the
833 3737 911 3792 other
960 3745 1042 3793 treats
1070 3746 1099 3794 at
1127 3740 1221 3810 length
1244 3739 1274 3794 of
1299 3739 1346 3796 the
1374 3741 1457 3794 crime

416 3827 514 3890 multia,
523 3825 558 3879 its
565 3827 692 3896 meaning
699 3827 794 3895 being:
808 3827 826 3853 “
833 3823 912 3878 when
960 3828 1073 3891 aoeoitio,
1091 3825 1143 3880 and
1161 3827 1191 3879 in
1208 3825 1347 3880 Jnv.x1v.
1366 3829 1458 3880 saevire

415 3928 471 3978 you
493 3927 538 3964 are
565 3911 672 3980 pleased
693 3918 722 3965 to
750 3910 829 3965 allow
857 3927 912 3978 any
961 3911 1112 3981 absolutely
1132 3913 1198 3966 used
1221 3911 1328 3980 exactly
1350 3913 1380 3965 in
1402 3911 1457 3967 this

415 3996 507 4050 future
533 3996 609 4065 place
632 3997 663 4051 of
686 3995 862 4066 punishment
883 4002 912 4050 at
961 3999 1116 4063 manner,is
1133 3997 1247 4066 opposed
1260 4003 1289 4051 to
1300 4001 1388 4052 mitem
1399 4001 1458 4051 orsi·

415 4082 478 4137 ell.”
495 4083 555 4137 The
567 4083 675 4152 general
686 4081 836 4150 soepticism
845 4081 913 4136 with
960 4102 1033 4138 mum
1052 4103 1083 4138 ao
1102 4101 1185 4138 morea
1203 4086 1310 4138 modicia
1327 4086 1458 4138 mortua

416 4168 511 4238 regard
524 4167 611 4222 tothc
627 4169 734 4222 ancient
749 4167 912 4238 theologyis
961 4186 1055 4238 requos.
1090 4169 1195 4224 Horace
1210 4165 1276 4238 (Ep.
1291 4183 1322 4222 11.
1339 4171 1365 4222 2.
1384 4167 1458 4238 134.)

416 4255 479 4310 well
493 4252 599 4323 enough
617 4253 718 4307 known
724 4272 734 4320 ;
761 4254 811 4308 but
825 4255 850 4308 if
865 4255 912 4310 the
962 4273 1099 4324 expresses
1113 4255 1162 4309 the
1176 4272 1249 4309 same
1265 4255 1325 4308 idea
1339 4255 1459 4324 bytoso·

415 4341 509 4396 reeder
525 4340 622 4394 should
639 4340 724 4394 desire
737 4357 792 4410 any
806 4341 912 4410 specific
961 4345 1028 4395 circ.

415 4427 573 4482 authorities
601 4425 636 4479 he
663 4425 721 4479 will
749 4426 806 4480 find
834 4427 910 4482 them
1010 4425 1029 4456 ¹¹
1046 4421 1105 4498 [Ut
1119 4444 1168 4496 pro
1185 4431 1254 4480 aaut
1272 4427 1401 4496 accipere,
1420 4443 1456 4480 sc.

415 4513 515 4582 quoted
533 4513 570 4581 by
586 4511 632 4566 the
650 4519 857 4569 commentatore
875 4531 910 4568 on
960 4515 1034 4566 Sicut
1051 4529 1106 4566 non
1118 4513 1246 4582 potestis..
1263 4515 1371 4566 ...etiem
1387 4511 1455 4575 ista,
