3300 5180
508 366 625 417 arana
652 368 955 420 nronoenrrcus.
1182 347 1250 417 161

212 549 274 643 qui
296 549 534 645 proponimus,
563 547 692 638 (multo
722 550 846 647 utique
870 549 1014 646 dignius
1038 546 1157 640 credi)
1190 545 1252 620 ho·
1275 546 1397 658 XfipfsL

211 673 343 746 minem
370 699 414 747 ex
440 673 583 748 homine
613 675 824 755 rediturum,
857 674 1052 772 quemlibet
1082 699 1145 770 pro
1168 699 1253 770 quo-
1266 685 1411 694 ”““““”

210 797 312 883 libet,
338 799 424 872 dum
448 799 640 885 hominem,
669 812 710 874 ut
736 801 857 874 eadem
885 800 1038 896 qualitas
1064 801 1190 872 anima
1212 801 1251 872 in

210 924 360 998 eandem
382 935 599 999 restauretur
616 925 866 1009 conditionem,
890 926 958 998 etsi
979 949 1051 996 non
1075 924 1249 1020 effigiem3

212 1061 316 1150 certe,
334 1052 418 1148 quia
437 1052 543 1124 ratio⁸
559 1052 795 1125 restitutionis
818 1051 1012 1124 destinatio
1031 1049 1161 1145 judicii
1186 1060 1251 1134 est,

212 1178 404 1249 necessario
423 1176 517 1250 idem
538 1177 613 1274 ipse
631 1179 692 1273 qui
714 1175 830 1250 fuerat
853 1175 1091 1258 exhibebitur,
1108 1185 1151 1246 nt
1168 1175 1251 1248 boni

208 1326 273 1372 seu
298 1303 464 1375 contrarii
490 1302 608 1376 meriti
629 1302 806 1396 judicium
833 1329 853 1374 a
876 1301 943 1374 deo
963 1299 1102 1373 referat.
1150 1299 1251 1372 Ideo-

211 1451 280 1522 que
309 1429 654 1524 repraesentabuntur
677 1439 714 1500 et
745 1452 897 1524 corpora,
924 1426 1008 1522 quia
1035 1450 1150 1521 neque
1175 1425 1250 1522 pati

211 1553 398 1649 quicquam
420 1562 539 1650 potest
558 1552 677 1624 anima
700 1552 773 1624 sola
794 1553 871 1623 sine
892 1550 1013 1623 stabili
1034 1549 1193 1632 materia,
1213 1549 1252 1622 id

210 1691 264 1750 est
290 1704 413 1764 carne3
442 1689 478 1751 et
499 1678 592 1775 quod
619 1679 763 1750 omnino
786 1677 830 1750 de
847 1677 984 1772 judicio
1008 1676 1066 1748 dei
1091 1676 1167 1772 pati
1191 1674 1251 1747 de-

210 1803 297 1876 bent
313 1804 451 1887 animae,
471 1828 542 1874 non
566 1805 642 1875 sine
659 1827 763 1875 carne
786 1814 1003 1886 meruerunt,
1025 1803 1122 1873 intra
1145 1827 1250 1898 quam

211 1928 331 2000 omnia
365 1940 524 2024 egerunt.
583 1927 654 2001 Sed
692 1927 877 2024 quomodo,
916 1927 1045 2023 inquis,
1079 1925 1252 1999 dissoluta

211 2055 359 2126 materia
384 2052 544 2126 exhiberi
577 2057 720 2151 potest?
784 2052 977 2126 Considera
1010 2053 1253 2149 temetipsum,

208 2205 232 2252 o
268 2178 384 2264 homo,
419 2192 456 2253 et
487 2181 594 2253 fidem
628 2182 680 2252 rei
717 2181 886 2252 invenies.
950 2177 1128 2275 Recogita
1165 2179 1251 2275 quid

210 2302 329 2388 fueris,
353 2314 543 2402 antequam
569 2329 679 2378 esses:
712 2307 838 2401 utique
864 2303 981 2388 nihil,
1014 2305 1377 2376 meminissemus-2⁵·

211 2429 317 2512 enim,
348 2430 488 2526 siquid
519 2429 654 2503 fuisses.
698 2431 774 2516 Qui
799 2455 882 2527 ergo
907 2428 1000 2501 nihil
1029 2428 1155 2514 fueras,
1181 2431 1253 2527 pri-

211 2581 360 2653 usquam
379 2582 481 2641 esses,
498 2555 594 2629 idem
610 2554 703 2628 nihil
726 2555 840 2629 factus
861 2581 971 2652 quum
997 2582 1071 2628 esse
1094 2556 1250 2641 desieris,

212 2707 274 2754 cur
297 2708 367 2754 non
390 2683 500 2778 possis
523 2708 597 2754 esse
618 2708 738 2754 rursus
761 2681 805 2753 de
829 2680 942 2754 nihilo
964 2681 1121 2776 ejusdem
1139 2682 1250 2778 ipsius

212 2809 363 2879 auctoris
393 2809 589 2892 voluntate,
618 2809 679 2904 qui
713 2819 749 2879 te
779 2806 892 2879 voluit
925 2833 998 2878 esse
1032 2805 1076 2878 de
1106 2805 1249 2878 nihilo?

211 2932 309 3016 Quid
335 2934 417 3004 novi
449 2933 516 3004 tibi
543 2933 713 3004 eveniet?
756 2933 913 3028 quinon
939 2957 1025 3014 eras,
1049 2929 1164 3002 factus
1189 2956 1247 3016 es3

212 3083 320 3153 quum
350 3059 479 3129 iterum
504 3081 574 3128 non
600 3057 679 3140 eris,
703 3056 777 3128 fies.
830 3055 961 3128 Redde
986 3057 1015 3126 si
1040 3066 1141 3152 potes
1166 3057 1251 3127 rati-

211 3209 325 3265 onem,
351 3209 420 3279 qua
441 3180 555 3255 factus
578 3208 624 3267 es,
650 3195 685 3254 et
707 3193 794 3255 tune
814 3183 962 3277 require,
985 3207 1055 3278 qua
1072 3182 1144 3254 fies.
1196 3179 1250 3253 Et

208 3320 330 3380 tamen
361 3307 499 3379 facilius
531 3309 656 3404 utique
688 3308 760 3391 fies,
791 3307 883 3401 quod
918 3305 1018 3379 fuisti
1050 3306 1249 3402 aliquando,

261 3658 272 3688 ³
289 3667 354 3713 certe
374 3661 436 3726 quio
456 3662 531 3723 ratio,
551 3657 601 3712 &c
647 3657 706 3710 The
755 3659 785 3711 in
801 3658 848 3711 the
864 3659 959 3712 second
976 3658 1046 3712 book
1061 3659 1092 3712 of
1106 3657 1248 3714 Arnobiua.

209 3746 335 3814 meaning
352 3744 384 3799 of
398 3743 452 3798 this
470 3743 559 3798 clause
577 3761 662 3798 seems
678 3750 705 3797 to
756 3744 783 3796 It
802 3745 826 3798 is
845 3743 942 3813 hardly
962 3761 1101 3814 necessary
1119 3751 1147 3798 to
1167 3745 1250 3798 direct

210 3829 244 3882 be
264 3828 323 3884 that
345 3830 393 3884 the
413 3830 590 3884 resurrection
609 3828 640 3883 of
659 3829 706 3884 the
754 3830 926 3884 attentionto
940 3829 987 3882 the
1004 3829 1191 3898 eloquenceof
1204 3829 1250 3884 the

209 3915 335 3969 identical
349 3916 421 3986 body
433 3933 487 3970 was
503 3933 520 3969 a
532 3916 668 3969 condition
679 3916 709 3970 of
755 3915 911 3984 succeeding
932 3933 1049 3985 passage,
1071 3920 1203 3970 mnrium
1218 3925 1251 3970 to-

209 4000 257 4054 the
267 4000 359 4054 future
371 4003 522 4072 Judgment.
555 4002 589 4054 In
600 4019 622 4056 c.
635 4006 660 4054 4.
673 4003 706 4055 de
755 4006 900 4070 metipsum,
913 4000 963 4055 &a
1133 4045 1135 4050 .

211 4085 284 4140 Test.
300 4085 355 4140 An.
372 4087 524 4143 Tertullian
543 4105 612 4156 says,
633 4090 706 4141 nullo
805 4085 996 4142 ”mamistram
1042 4087 1131 4141 There
1149 4088 1173 4139 is
1190 4102 1250 4153 pos-

210 4177 277 4227 rotio
294 4177 329 4227 aa
343 4175 448 4240 judicii,
463 4179 520 4229 atne
536 4178 619 4242 ipatus
635 4176 706 4227 aoht
756 4172 826 4242 sibly
845 4191 918 4227 some
941 4173 1055 4228 allusion
1074 4179 1105 4228 to
1122 4171 1169 4225 the
1190 4169 1251 4224 Ple·

208 4261 303 4312 titium
320 4262 366 4327 qut
385 4263 480 4314 morou
495 4263 591 4327 judicit
607 4262 706 4327 pusato
755 4260 827 4312 tonie
847 4259 952 4329 theory,
970 4259 1078 4313 alluded
1096 4265 1124 4312 to
1142 4256 1196 4312 also
1214 4257 1251 4325 by

209 4363 275 4400 nem
312 4344 372 4398 The
388 4345 559 4413 subjectwill
575 4347 608 4400 be
621 4345 706 4400 found
756 4345 891 4399 Arnobiua
913 4346 942 4400 in
964 4345 1011 4399 the
1037 4361 1145 4413 passage
1168 4342 1250 4396 above

181 4478 184 4482 .
209 4432 311 4486 treated
323 4430 354 4484 of
367 4430 535 4485 intbetract
549 4433 583 4486 de
597 4433 706 4487 Resurr.
756 4431 863 4498 quoted.

209 4518 313 4582 Carnis,
325 4517 378 4572 and
389 4516 536 4572 somewhat
553 4518 706 4586 differently

311 4621 354 4685 ll
