<?xml version="1.0" encoding="UTF-8"?>
<!DOCTYPE html PUBLIC "-//W3C//DTD XHTML 1.0 Transitional//EN"
    "http://www.w3.org/TR/xhtml1/DTD/xhtml1-transitional.dtd">
<html xmlns="http://www.w3.org/1999/xhtml" xml:lang="en" lang="en">
 <head>
  <title>
</title>
<meta http-equiv="Content-Type" content="text/html;charset=utf-8" />
  <meta name='ocr-system' content='tesseract 3.04.00' />
  <meta name='ocr-capabilities' content='ocr_page ocr_carea ocr_par ocr_line ocrx_word'/>
</head>
<body>
  <div class='ocr_page' id='page_1' title='image "./qsftertullianil00tertgoog_0174.png"; bbox 0 0 3300 5180; ppageno 0'>
   <div class='ocr_carea' id='block_1_1' title="bbox 513 353 1248 426">
    <p class='ocr_par' dir='ltr' id='par_1_1' title="bbox 513 353 1248 426">
     <span class='ocr_line' id='line_1_1' title="bbox 513 353 1248 426; baseline 0.014 -10"><span class='ocrx_word' id='word_1_1' title='bbox 513 367 629 418; x_wconf 74' lang='lat' dir='ltr'>marre</span> <span class='ocrx_word' id='word_1_2' title='bbox 651 367 954 419; x_wconf 81' lang='lat' dir='ltr'>nronoonrrcus.</span> <span class='ocrx_word' id='word_1_3' title='bbox 1201 353 1248 426; x_wconf 81' lang='lat'>99</span> 
     </span>
    </p>
   </div>
   <div class='ocr_carea' id='block_1_2' title="bbox 219 546 1374 672">
    <p class='ocr_par' dir='ltr' id='par_1_2' title="bbox 219 546 1374 672">
     <span class='ocr_line' id='line_1_2' title="bbox 219 546 1374 672; baseline 0.036 -55"><span class='ocrx_word' id='word_1_4' title='bbox 219 571 337 619; x_wconf 73' lang='lat' dir='ltr'>versus</span> <span class='ocrx_word' id='word_1_5' title='bbox 373 546 590 622; x_wconf 84' lang='lat' dir='ltr'>Achivorum</span> <span class='ocrx_word' id='word_1_6' title='bbox 629 576 725 624; x_wconf 88' lang='lat' dir='ltr'>arma</span> <span class='ocrx_word' id='word_1_7' title='bbox 765 553 925 649; x_wconf 75' lang='lat' dir='ltr'>protecti,</span> <span class='ocrx_word' id='word_1_8' title='bbox 964 552 993 625; x_wconf 70' lang='lat' dir='ltr'>&#39;i</span> <span class='ocrx_word' id='word_1_9' title='bbox 1033 549 1077 624; x_wconf 61' lang='lat' dir='ltr'>ad</span> <span class='ocrx_word' id='word_1_10' title='bbox 1112 550 1248 624; x_wconf 61' lang='grc' dir='ltr'>’ΠῙῗθΓθθ</span> <span class='ocrx_word' id='word_1_11' title='bbox 1290 561 1374 672; x_wconf 51' lang='lat' dir='ltr'>fill</span> 
     </span>
    </p>
   </div>
   <div class='ocr_carea' id='block_1_3' title="bbox 213 675 1407 3154">
    <p class='ocr_par' dir='ltr' id='par_1_3' title="bbox 213 675 1407 3154">
     <span class='ocr_line' id='line_1_3' title="bbox 218 675 1407 775; baseline 0.002 -29"><span class='ocrx_word' id='word_1_12' title='bbox 218 675 367 748; x_wconf 86' lang='lat' dir='ltr'>transire</span> <span class='ocrx_word' id='word_1_13' title='bbox 394 678 584 773; x_wconf 83' lang='lat' dir='ltr'>prospexit,</span> <span class='ocrx_word' id='word_1_14' title='bbox 610 703 695 774; x_wconf 81' lang='lat' dir='ltr'>quor</span> <span class='ocrx_word' id='word_1_15' title='bbox 722 679 853 752; x_wconf 77' lang='lat' dir='ltr'>sciebat</span> <span class='ocrx_word' id='word_1_16' title='bbox 877 677 1051 752; x_wconf 78' lang='lat' dir='ltr'>Graciam</span> <span class='ocrx_word' id='word_1_17' title='bbox 1078 675 1247 775; x_wconf 76' lang='lat' dir='ltr'>Phrygia</span> <span class='ocrx_word' id='word_1_18' title='bbox 1263 709 1407 721; x_wconf 89' lang='lat'><strong><em>--·-</em></strong></span> 
     </span>
     <span class='ocr_line' id='line_1_4' title="bbox 216 799 1246 900; baseline 0.005 -30"><span class='ocrx_word' id='word_1_19' title='bbox 216 799 476 874; x_wconf 82' lang='lat' dir='ltr'>debellatricem</span> <span class='ocrx_word' id='word_1_20' title='bbox 499 804 711 876; x_wconf 76' lang='lat' dir='ltr'>arubacturo.</span> <span class='ocrx_word' id='word_1_21' title='bbox 760 804 888 900; x_wconf 87' lang='lat' dir='ltr'>Itaque</span> <span class='ocrx_word' id='word_1_22' title='bbox 907 805 1102 897; x_wconf 87' lang='lat' dir='ltr'>majestatis</span> <span class='ocrx_word' id='word_1_23' title='bbox 1120 829 1190 876; x_wconf 84' lang='lat' dir='ltr'>suae</span> <span class='ocrx_word' id='word_1_24' title='bbox 1208 804 1246 875; x_wconf 93' lang='lat' dir='ltr'>in</span> 
     </span>
     <span class='ocr_line' id='line_1_5' title="bbox 218 927 1246 1025; baseline 0.003 -28"><span class='ocrx_word' id='word_1_25' title='bbox 218 927 340 998; x_wconf 91' lang='lat' dir='ltr'>urbem</span> <span class='ocrx_word' id='word_1_26' title='bbox 372 927 504 1000; x_wconf 87' lang='lat' dir='ltr'>collatae</span> <span class='ocrx_word' id='word_1_27' title='bbox 534 928 667 1025; x_wconf 84' lang='lat' dir='ltr'>grande</span> <span class='ocrx_word' id='word_1_28' title='bbox 701 928 949 1002; x_wconf 85' lang='lat' dir='ltr'>documentum</span> <span class='ocrx_word' id='word_1_29' title='bbox 981 938 1108 1001; x_wconf 86' lang='lat' dir='ltr'>nostrae</span> <span class='ocrx_word' id='word_1_30' title='bbox 1139 929 1246 1001; x_wconf 90' lang='lat' dir='ltr'>etiam</span> 
     </span>
     <span class='ocr_line' id='line_1_6' title="bbox 216 1050 1247 1149; baseline 0.006 -30"><span class='ocrx_word' id='word_1_31' title='bbox 216 1050 316 1120; x_wconf 85' lang='lat' dir='ltr'>aetati</span> <span class='ocrx_word' id='word_1_32' title='bbox 338 1053 527 1147; x_wconf 86' lang='lat' dir='ltr'>proposuit,</span> <span class='ocrx_word' id='word_1_33' title='bbox 547 1077 626 1125; x_wconf 87' lang='lat' dir='ltr'>cum</span> <span class='ocrx_word' id='word_1_34' title='bbox 649 1053 771 1125; x_wconf 88' lang='lat' dir='ltr'>Marco</span> <span class='ocrx_word' id='word_1_35' title='bbox 788 1051 941 1125; x_wconf 91' lang='lat' dir='ltr'>Aurelio</span> <span class='ocrx_word' id='word_1_36' title='bbox 962 1051 1056 1149; x_wconf 88' lang='lat' dir='ltr'>apud</span> <span class='ocrx_word' id='word_1_37' title='bbox 1080 1051 1247 1125; x_wconf 87' lang='lat' dir='ltr'>Sirmium</span> 
     </span>
     <span class='ocr_line' id='line_1_7' title="bbox 217 1173 1246 1272; baseline 0.003 -28"><span class='ocrx_word' id='word_1_38' title='bbox 217 1174 417 1270; x_wconf 86' lang='lat' dir='ltr'>reipublicae</span> <span class='ocrx_word' id='word_1_39' title='bbox 437 1186 612 1272; x_wconf 87' lang='lat' dir='ltr'>exempto,</span> <span class='ocrx_word' id='word_1_40' title='bbox 636 1175 694 1249; x_wconf 93' lang='lat' dir='ltr'>die</span> <span class='ocrx_word' id='word_1_41' title='bbox 716 1176 851 1249; x_wconf 90' lang='lat' dir='ltr'>decimo</span> <span class='ocrx_word' id='word_1_42' title='bbox 876 1186 975 1250; x_wconf 84' lang='lat' dir='ltr'>sexto</span> <span class='ocrx_word' id='word_1_43' title='bbox 1002 1173 1246 1248; x_wconf 86' lang='lat' dir='ltr'>Kalendarum</span> 
     </span>
     <span class='ocr_line' id='line_1_8' title="bbox 217 1300 1248 1398; baseline 0 -27"><span class='ocrx_word' id='word_1_44' title='bbox 217 1300 409 1396; x_wconf 88' lang='lat' dir='ltr'>Aprilium,</span> <span class='ocrx_word' id='word_1_45' title='bbox 441 1300 669 1398; x_wconf 86' lang='lat' dir='ltr'>Archigallus</span> <span class='ocrx_word' id='word_1_46' title='bbox 694 1302 756 1374; x_wconf 92' lang='lat' dir='ltr'>ille</span> <span class='ocrx_word' id='word_1_47' title='bbox 786 1303 1036 1385; x_wconf 85' lang='lat' dir='ltr'>sanctissimus,</span> <span class='ocrx_word' id='word_1_48' title='bbox 1067 1300 1125 1373; x_wconf 92' lang='lat' dir='ltr'>die</span> <span class='ocrx_word' id='word_1_49' title='bbox 1155 1325 1248 1372; x_wconf 92' lang='lat' dir='ltr'>nono</span> 
     </span>
     <span class='ocr_line' id='line_1_9' title="bbox 218 1425 1248 1525; baseline 0.001 -28"><span class='ocrx_word' id='word_1_50' title='bbox 218 1425 371 1499; x_wconf 90' lang='lat' dir='ltr'>Kalend.</span> <span class='ocrx_word' id='word_1_51' title='bbox 403 1427 603 1512; x_wconf 89' lang='lat' dir='ltr'>earundem,</span> <span class='ocrx_word' id='word_1_52' title='bbox 637 1453 705 1524; x_wconf 93' lang='lat' dir='ltr'>quo</span> <span class='ocrx_word' id='word_1_53' title='bbox 737 1429 944 1525; x_wconf 87' lang='lat' dir='ltr'>sanguinem</span> <span class='ocrx_word' id='word_1_54' title='bbox 973 1427 1163 1523; x_wconf 89' lang='lat' dir='ltr'>impurum,</span> <span class='ocrx_word' id='word_1_55' title='bbox 1197 1426 1248 1498; x_wconf 91' lang='lat' dir='ltr'>la-</span> 
     </span>
     <span class='ocr_line' id='line_1_10' title="bbox 215 1551 1247 1649; baseline 0.001 -27"><span class='ocrx_word' id='word_1_56' title='bbox 215 1561 326 1624; x_wconf 89' lang='lat' dir='ltr'>certos</span> <span class='ocrx_word' id='word_1_57' title='bbox 353 1577 490 1649; x_wconf 89' lang='lat' dir='ltr'>quoque</span> <span class='ocrx_word' id='word_1_58' title='bbox 519 1553 701 1626; x_wconf 88' lang='lat' dir='ltr'>castrando</span> <span class='ocrx_word' id='word_1_59' title='bbox 730 1553 874 1637; x_wconf 89' lang='lat' dir='ltr'>libabat,</span> <span class='ocrx_word' id='word_1_60' title='bbox 905 1577 968 1649; x_wconf 90' lang='lat' dir='ltr'>pro</span> <span class='ocrx_word' id='word_1_61' title='bbox 998 1551 1111 1624; x_wconf 88' lang='lat' dir='ltr'>salute</span> <span class='ocrx_word' id='word_1_62' title='bbox 1139 1552 1247 1647; x_wconf 80' lang='lat' dir='ltr'>impe</span> 
     </span>
     <span class='ocr_line' id='line_1_11' title="bbox 215 1677 1247 1775; baseline -0.001 -27"><span class='ocrx_word' id='word_1_63' title='bbox 215 1678 340 1750; x_wconf 90' lang='lat' dir='ltr'>ratoris</span> <span class='ocrx_word' id='word_1_64' title='bbox 372 1679 486 1750; x_wconf 90' lang='lat' dir='ltr'>Marci</span> <span class='ocrx_word' id='word_1_65' title='bbox 515 1681 591 1773; x_wconf 87' lang='lat' dir='ltr'>jam</span> <span class='ocrx_word' id='word_1_66' title='bbox 620 1679 809 1775; x_wconf 88' lang='lat' dir='ltr'>intercepti</span> <span class='ocrx_word' id='word_1_67' title='bbox 840 1677 944 1750; x_wconf 88' lang='lat' dir='ltr'>solita</span> <span class='ocrx_word' id='word_1_68' title='bbox 971 1701 1069 1773; x_wconf 87' lang='lat' dir='ltr'>oeque</span> <span class='ocrx_word' id='word_1_69' title='bbox 1099 1677 1247 1772; x_wconf 88' lang='lat' dir='ltr'>imperia</span> 
     </span>
     <span class='ocr_line' id='line_1_12' title="bbox 216 1801 1247 1886; baseline 0.001 -13"><span class='ocrx_word' id='word_1_70' title='bbox 216 1803 425 1876; x_wconf 78' lang='lat' dir='ltr'>mandavit⁵.</span> <span class='ocrx_word' id='word_1_71' title='bbox 477 1801 512 1874; x_wconf 96' lang='lat' dir='ltr'>O</span> <span class='ocrx_word' id='word_1_72' title='bbox 544 1805 688 1876; x_wconf 90' lang='lat' dir='ltr'>nuntios</span> <span class='ocrx_word' id='word_1_73' title='bbox 720 1803 849 1886; x_wconf 90' lang='lat' dir='ltr'>tardos,</span> <span class='ocrx_word' id='word_1_74' title='bbox 884 1828 905 1875; x_wconf 95' lang='lat' dir='ltr'>o</span> <span class='ocrx_word' id='word_1_75' title='bbox 937 1801 1168 1875; x_wconf 87' lang='lat' dir='ltr'>somniculosa</span> <span class='ocrx_word' id='word_1_76' title='bbox 1195 1801 1247 1874; x_wconf 91' lang='lat' dir='ltr'>di-</span> 
     </span>
     <span class='ocr_line' id='line_1_13' title="bbox 215 1925 1246 2024; baseline 0.003 -27"><span class='ocrx_word' id='word_1_77' title='bbox 215 1925 381 2020; x_wconf 87' lang='lat' dir='ltr'>plomata,</span> <span class='ocrx_word' id='word_1_78' title='bbox 411 1952 558 2024; x_wconf 91' lang='lat' dir='ltr'>quorum</span> <span class='ocrx_word' id='word_1_79' title='bbox 589 1930 677 2001; x_wconf 85' lang='lat' dir='ltr'>vitio</span> <span class='ocrx_word' id='word_1_80' title='bbox 707 1952 886 2001; x_wconf 87' lang='lat' dir='ltr'>excessum</span> <span class='ocrx_word' id='word_1_81' title='bbox 920 1927 1141 2024; x_wconf 85' lang='lat' dir='ltr'>imperatoris</span> <span class='ocrx_word' id='word_1_82' title='bbox 1176 1951 1246 2000; x_wconf 86' lang='lat' dir='ltr'>non</span> 
     </span>
     <span class='ocr_line' id='line_1_14' title="bbox 214 2051 1247 2150; baseline 0.002 -28"><span class='ocrx_word' id='word_1_83' title='bbox 214 2061 299 2123; x_wconf 92' lang='lat' dir='ltr'>ante</span> <span class='ocrx_word' id='word_1_84' title='bbox 337 2051 467 2149; x_wconf 83' lang='lat' dir='ltr'>Cybele</span> <span class='ocrx_word' id='word_1_85' title='bbox 509 2054 683 2150; x_wconf 84' lang='lat' dir='ltr'>cognovit,</span> <span class='ocrx_word' id='word_1_86' title='bbox 720 2077 765 2125; x_wconf 89' lang='lat' dir='ltr'>ne</span> <span class='ocrx_word' id='word_1_87' title='bbox 801 2052 904 2125; x_wconf 90' lang='lat' dir='ltr'>deam</span> <span class='ocrx_word' id='word_1_88' title='bbox 943 2052 1051 2125; x_wconf 86' lang='lat' dir='ltr'>talem</span> <span class='ocrx_word' id='word_1_89' title='bbox 1089 2053 1247 2124; x_wconf 88' lang='lat' dir='ltr'>riderent</span> 
     </span>
     <span class='ocr_line' id='line_1_15' title="bbox 214 2173 1245 2274; baseline 0.003 -27"><span class='ocrx_word' id='word_1_90' title='bbox 214 2173 419 2249; x_wconf 88' lang='lat' dir='ltr'>Christiani.</span> <span class='ocrx_word' id='word_1_91' title='bbox 489 2175 559 2250; x_wconf 89' lang='lat' dir='ltr'>Sed</span> <span class='ocrx_word' id='word_1_92' title='bbox 591 2203 662 2251; x_wconf 92' lang='lat' dir='ltr'>non</span> <span class='ocrx_word' id='word_1_93' title='bbox 699 2179 820 2252; x_wconf 87' lang='lat' dir='ltr'>statim</span> <span class='ocrx_word' id='word_1_94' title='bbox 855 2189 891 2250; x_wconf 91' lang='lat' dir='ltr'>et</span> <span class='ocrx_word' id='word_1_95' title='bbox 924 2177 1069 2274; x_wconf 89' lang='lat' dir='ltr'>Jupiter</span> <span class='ocrx_word' id='word_1_96' title='bbox 1104 2178 1245 2250; x_wconf 88' lang='lat' dir='ltr'>Cretam</span> 
     </span>
     <span class='ocr_line' id='line_1_16' title="bbox 215 2302 1247 2388; baseline 0.001 -16"><span class='ocrx_word' id='word_1_97' title='bbox 215 2325 314 2374; x_wconf 88' lang='lat' dir='ltr'>suam</span> <span class='ocrx_word' id='word_1_98' title='bbox 335 2302 508 2376; x_wconf 90' lang='lat' dir='ltr'>Romanis</span> <span class='ocrx_word' id='word_1_99' title='bbox 532 2303 682 2378; x_wconf 86' lang='lat' dir='ltr'>fascibus</span> <span class='ocrx_word' id='word_1_100' title='bbox 705 2305 845 2377; x_wconf 91' lang='lat' dir='ltr'>concuti</span> <span class='ocrx_word' id='word_1_101' title='bbox 869 2305 1009 2388; x_wconf 90' lang='lat' dir='ltr'>sineret,</span> <span class='ocrx_word' id='word_1_102' title='bbox 1032 2302 1163 2375; x_wconf 86' lang='lat' dir='ltr'>oblitus</span> <span class='ocrx_word' id='word_1_103' title='bbox 1186 2327 1247 2374; x_wconf 92' lang='lat' dir='ltr'>an·</span> 
     </span>
     <span class='ocr_line' id='line_1_17' title="bbox 215 2427 1248 2526; baseline -0.002 -26"><span class='ocrx_word' id='word_1_104' title='bbox 215 2433 325 2500; x_wconf 80' lang='lat' dir='ltr'>trum⁶</span> <span class='ocrx_word' id='word_1_105' title='bbox 354 2428 446 2502; x_wconf 90' lang='lat' dir='ltr'>illud</span> <span class='ocrx_word' id='word_1_106' title='bbox 468 2427 615 2516; x_wconf 87' lang='lat' dir='ltr'>Idaeum,</span> <span class='ocrx_word' id='word_1_107' title='bbox 642 2441 679 2504; x_wconf 92' lang='lat' dir='ltr'>et</span> <span class='ocrx_word' id='word_1_108' title='bbox 708 2451 778 2503; x_wconf 80' lang='lat' dir='ltr'>aera</span> <span class='ocrx_word' id='word_1_109' title='bbox 806 2429 1030 2526; x_wconf 85' lang='lat' dir='ltr'>Corybantia,</span> <span class='ocrx_word' id='word_1_110' title='bbox 1059 2438 1096 2500; x_wconf 91' lang='lat' dir='ltr'>et</span> <span class='ocrx_word' id='word_1_111' title='bbox 1118 2430 1248 2522; x_wconf 86' lang='lat' dir='ltr'>jucun-</span> 
     </span>
     <span class='ocr_line' id='line_1_18' title="bbox 213 2552 1247 2630; baseline -0.005 -2"><span class='ocrx_word' id='word_1_112' title='bbox 213 2553 397 2628; x_wconf 90' lang='lat' dir='ltr'>dissimum</span> <span class='ocrx_word' id='word_1_113' title='bbox 424 2555 498 2629; x_wconf 86' lang='lat' dir='ltr'>illic</span> <span class='ocrx_word' id='word_1_114' title='bbox 523 2558 671 2630; x_wconf 87' lang='lat' dir='ltr'>nutricis</span> <span class='ocrx_word' id='word_1_115' title='bbox 697 2581 767 2630; x_wconf 81' lang='lat' dir='ltr'>ruae</span> <span class='ocrx_word' id='word_1_116' title='bbox 790 2555 941 2628; x_wconf 89' lang='lat' dir='ltr'>odorem.</span> <span class='ocrx_word' id='word_1_117' title='bbox 988 2553 1121 2627; x_wconf 88' lang='lat' dir='ltr'>Nonne</span> <span class='ocrx_word' id='word_1_118' title='bbox 1149 2552 1247 2626; x_wconf 91' lang='lat' dir='ltr'>omni</span> 
     </span>
     <span class='ocr_line' id='line_1_19' title="bbox 213 2681 1247 2778; baseline -0.003 -25"><span class='ocrx_word' id='word_1_119' title='bbox 213 2681 389 2777; x_wconf 90' lang='lat' dir='ltr'>Capitolio</span> <span class='ocrx_word' id='word_1_120' title='bbox 410 2682 590 2756; x_wconf 90' lang='lat' dir='ltr'>tumulum</span> <span class='ocrx_word' id='word_1_121' title='bbox 613 2682 715 2755; x_wconf 92' lang='lat' dir='ltr'>illum</span> <span class='ocrx_word' id='word_1_122' title='bbox 737 2707 840 2755; x_wconf 90' lang='lat' dir='ltr'>suum</span> <span class='ocrx_word' id='word_1_123' title='bbox 862 2681 1117 2778; x_wconf 86' lang='lat' dir='ltr'>praeposuisset,</span> <span class='ocrx_word' id='word_1_124' title='bbox 1140 2689 1183 2751; x_wconf 94' lang='lat' dir='ltr'>ut</span> <span class='ocrx_word' id='word_1_125' title='bbox 1207 2703 1247 2750; x_wconf 88' lang='lat' dir='ltr'>ea</span> 
     </span>
     <span class='ocr_line' id='line_1_20' title="bbox 213 2804 1247 2904; baseline -0.003 -28"><span class='ocrx_word' id='word_1_126' title='bbox 213 2807 330 2901; x_wconf 88' lang='lat' dir='ltr'>potius</span> <span class='ocrx_word' id='word_1_127' title='bbox 365 2808 440 2878; x_wconf 93' lang='lat' dir='ltr'>orbi</span> <span class='ocrx_word' id='word_1_128' title='bbox 478 2818 572 2880; x_wconf 88' lang='lat' dir='ltr'>terra</span> <span class='ocrx_word' id='word_1_129' title='bbox 607 2804 832 2903; x_wconf 71' lang='lat' dir='ltr'>precelleret,</span> <span class='ocrx_word' id='word_1_130' title='bbox 868 2831 945 2904; x_wconf 86' lang='lat' dir='ltr'>quoe</span> <span class='ocrx_word' id='word_1_131' title='bbox 979 2807 1111 2879; x_wconf 89' lang='lat' dir='ltr'>cineres</span> <span class='ocrx_word' id='word_1_132' title='bbox 1146 2804 1247 2876; x_wconf 88' lang='lat' dir='ltr'>Jovis</span> 
     </span>
     <span class='ocr_line' id='line_1_21' title="bbox 213 2927 1245 3028; baseline -0.003 -26"><span class='ocrx_word' id='word_1_133' title='bbox 213 2931 335 3003; x_wconf 78' lang='lat' dir='ltr'>texit?</span> <span class='ocrx_word' id='word_1_134' title='bbox 393 2930 517 3006; x_wconf 91' lang='lat' dir='ltr'>Vellet</span> <span class='ocrx_word' id='word_1_135' title='bbox 547 2932 646 3006; x_wconf 90' lang='lat' dir='ltr'>Juno</span> <span class='ocrx_word' id='word_1_136' title='bbox 677 2933 853 3006; x_wconf 88' lang='lat' dir='ltr'>Punicam</span> <span class='ocrx_word' id='word_1_137' title='bbox 886 2934 1009 3006; x_wconf 88' lang='lat' dir='ltr'>urbem</span> <span class='ocrx_word' id='word_1_138' title='bbox 1040 2927 1245 3028; x_wconf 86' lang='lat' dir='ltr'>posthabita</span> 
     </span>
     <span class='ocr_line' id='line_1_22' title="bbox 213 3053 1246 3154; baseline -0.002 -26"><span class='ocrx_word' id='word_1_139' title='bbox 213 3053 319 3128; x_wconf 83' lang='lat' dir='ltr'>Samo</span> <span class='ocrx_word' id='word_1_140' title='bbox 344 3054 509 3130; x_wconf 86' lang='lat' dir='ltr'>dilectam</span> <span class='ocrx_word' id='word_1_141' title='bbox 534 3059 578 3130; x_wconf 88' lang='lat' dir='ltr'>ab</span> <span class='ocrx_word' id='word_1_142' title='bbox 603 3057 840 3131; x_wconf 84' lang='lat' dir='ltr'>AEneadarum</span> <span class='ocrx_word' id='word_1_143' title='bbox 864 3058 1006 3154; x_wconf 84' lang='lat' dir='ltr'>utique⁷</span> <span class='ocrx_word' id='word_1_144' title='bbox 1032 3079 1160 3153; x_wconf 84' lang='lat' dir='ltr'>genere</span> <span class='ocrx_word' id='word_1_145' title='bbox 1187 3053 1246 3126; x_wconf 92' lang='lat' dir='ltr'>de-</span> 
     </span>
    </p>
   </div>
   <div class='ocr_carea' id='block_1_4' title="bbox 212 3179 520 3267">
    <p class='ocr_par' dir='ltr' id='par_1_4' title="bbox 212 3179 520 3267">
     <span class='ocr_line' id='line_1_23' title="bbox 212 3179 520 3267; baseline 0.01 -16"><span class='ocrx_word' id='word_1_146' title='bbox 212 3179 305 3254; x_wconf 82' lang='lat' dir='ltr'>leri?</span> <span class='ocrx_word' id='word_1_147' title='bbox 358 3179 467 3267; x_wconf 83' lang='lat' dir='ltr'>Quod</span> <span class='ocrx_word' id='word_1_148' title='bbox 491 3183 520 3254; x_wconf 91' lang='lat' dir='ltr'>si</span> 
     </span>
    </p>
   </div>
   <div class='ocr_carea' id='block_1_5' title="bbox 210 3469 1248 4112">
    <p class='ocr_par' dir='ltr' id='par_1_5' title="bbox 210 3469 1248 4044">
     <span class='ocr_line' id='line_1_24' title="bbox 262 3469 1248 3543; baseline -0.007 -14"><span class='ocrx_word' id='word_1_149' title='bbox 262 3473 273 3503; x_wconf 75' lang='lat'><strong>³</strong></span> <span class='ocrx_word' id='word_1_150' title='bbox 290 3471 386 3542; x_wconf 66' lang='lat' dir='ltr'>[Sotion</span> <span class='ocrx_word' id='word_1_151' title='bbox 397 3491 468 3543; x_wconf 68' lang='lat' dir='ltr'>coorta</span> <span class='ocrx_word' id='word_1_152' title='bbox 480 3477 588 3541; x_wconf 76' lang='lat' dir='ltr'>imperio</span> <span class='ocrx_word' id='word_1_153' title='bbox 598 3476 706 3526; x_wconf 80' lang='lat' dir='ltr'>mondo-</span> <span class='ocrx_word' id='word_1_154' title='bbox 755 3472 858 3526; x_wconf 89' lang='lat' dir='ltr'>olusion</span> <span class='ocrx_word' id='word_1_155' title='bbox 880 3471 910 3525; x_wconf 86' lang='lat' dir='ltr'>of</span> <span class='ocrx_word' id='word_1_156' title='bbox 930 3471 976 3525; x_wconf 87' lang='lat' dir='ltr'>the</span> <span class='ocrx_word' id='word_1_157' title='bbox 999 3469 1095 3524; x_wconf 87' lang='lat' dir='ltr'>second</span> <span class='ocrx_word' id='word_1_158' title='bbox 1117 3469 1189 3523; x_wconf 87' lang='lat' dir='ltr'>book</span> <span class='ocrx_word' id='word_1_159' title='bbox 1213 3469 1248 3523; x_wconf 79' lang='lat' dir='ltr'>cd</span> 
     </span>
     <span class='ocr_line' id='line_1_25' title="bbox 212 3555 1247 3629; baseline -0.004 -15"><span class='ocrx_word' id='word_1_160' title='bbox 212 3565 249 3614; x_wconf 82' lang='lat' dir='ltr'>ott</span> <span class='ocrx_word' id='word_1_161' title='bbox 256 3577 269 3620; x_wconf 90' lang='lat'>,·</span> <span class='ocrx_word' id='word_1_162' title='bbox 287 3561 357 3614; x_wconf 79' lang='lat' dir='ltr'>votis</span> <span class='ocrx_word' id='word_1_163' title='bbox 367 3577 416 3629; x_wconf 89' lang='lat' dir='ltr'>pro</span> <span class='ocrx_word' id='word_1_164' title='bbox 427 3577 501 3614; x_wconf 84' lang='lat' dir='ltr'>more</span> <span class='ocrx_word' id='word_1_165' title='bbox 512 3559 588 3613; x_wconf 67' lang='lat' dir='ltr'>betis</span> <span class='ocrx_word' id='word_1_166' title='bbox 599 3576 706 3627; x_wconf 82' lang='lat' dir='ltr'>prospe-</span> <span class='ocrx_word' id='word_1_167' title='bbox 754 3558 891 3622; x_wconf 85' lang='lat' dir='ltr'>Nationes,</span> <span class='ocrx_word' id='word_1_168' title='bbox 903 3558 953 3612; x_wconf 81' lang='lat' dir='ltr'>but</span> <span class='ocrx_word' id='word_1_169' title='bbox 967 3556 1006 3612; x_wconf 82' lang='lat' dir='ltr'>ull</span> <span class='ocrx_word' id='word_1_170' title='bbox 1018 3555 1078 3610; x_wconf 83' lang='lat' dir='ltr'>that</span> <span class='ocrx_word' id='word_1_171' title='bbox 1095 3555 1166 3610; x_wconf 87' lang='lat' dir='ltr'>book</span> <span class='ocrx_word' id='word_1_172' title='bbox 1180 3555 1204 3608; x_wconf 82' lang='lat' dir='ltr'>is</span> <span class='ocrx_word' id='word_1_173' title='bbox 1218 3572 1247 3610; x_wconf 85' lang='lat' dir='ltr'>so</span> 
     </span>
     <span class='ocr_line' id='line_1_26' title="bbox 212 3642 1248 3719; baseline -0.006 -18"><span class='ocrx_word' id='word_1_174' title='bbox 212 3663 280 3719; x_wconf 82' lang='lat' dir='ltr'>rurn¹</span> <span class='ocrx_word' id='word_1_175' title='bbox 292 3653 398 3701; x_wconf 82' lang='lat' dir='ltr'>mortuo</span> <span class='ocrx_word' id='word_1_176' title='bbox 418 3663 492 3714; x_wconf 76' lang='lat' dir='ltr'>aque</span> <span class='ocrx_word' id='word_1_177' title='bbox 514 3663 545 3698; x_wconf 89' lang='lat' dir='ltr'>ao</span> <span class='ocrx_word' id='word_1_178' title='bbox 568 3650 647 3698; x_wconf 85' lang='lat' dir='ltr'>antea</span> <span class='ocrx_word' id='word_1_179' title='bbox 666 3645 705 3698; x_wconf 86' lang='lat' dir='ltr'>vi-</span> <span class='ocrx_word' id='word_1_180' title='bbox 754 3643 896 3698; x_wconf 83' lang='lat' dir='ltr'>mutilated</span> <span class='ocrx_word' id='word_1_181' title='bbox 915 3642 975 3698; x_wconf 82' lang='lat' dir='ltr'>thot</span> <span class='ocrx_word' id='word_1_182' title='bbox 992 3644 1016 3696; x_wconf 88' lang='lat' dir='ltr'>it</span> <span class='ocrx_word' id='word_1_183' title='bbox 1035 3642 1125 3696; x_wconf 86' lang='lat' dir='ltr'>would</span> <span class='ocrx_word' id='word_1_184' title='bbox 1144 3642 1178 3695; x_wconf 89' lang='lat' dir='ltr'>be</span> <span class='ocrx_word' id='word_1_185' title='bbox 1197 3658 1248 3696; x_wconf 85' lang='lat' dir='ltr'>un·</span> 
     </span>
     <span class='ocr_line' id='line_1_27' title="bbox 212 3727 1236 3802; baseline -0.003 -18"><span class='ocrx_word' id='word_1_186' title='bbox 212 3733 286 3784; x_wconf 80' lang='lat' dir='ltr'>venti</span> <span class='ocrx_word' id='word_1_187' title='bbox 308 3733 451 3802; x_wconf 84' lang='lat' dir='ltr'>imperium</span> <span class='ocrx_word' id='word_1_188' title='bbox 478 3731 654 3796; x_wconf 83' lang='lat' dir='ltr'>ominabatur,</span> <span class='ocrx_word' id='word_1_189' title='bbox 678 3736 705 3785; x_wconf 87' lang='lat' dir='ltr'>et</span> <span class='ocrx_word' id='word_1_190' title='bbox 754 3729 911 3802; x_wconf 78' lang='lat' dir='ltr'>intelligibla</span> <span class='ocrx_word' id='word_1_191' title='bbox 922 3729 972 3782; x_wconf 90' lang='lat' dir='ltr'>but</span> <span class='ocrx_word' id='word_1_192' title='bbox 985 3728 1027 3782; x_wconf 88' lang='lat' dir='ltr'>for</span> <span class='ocrx_word' id='word_1_193' title='bbox 1038 3727 1093 3782; x_wconf 86' lang='lat' dir='ltr'>this</span> <span class='ocrx_word' id='word_1_194' title='bbox 1104 3727 1236 3796; x_wconf 80' lang='lat' dir='ltr'>Apology.</span> 
     </span>
     <span class='ocr_line' id='line_1_28' title="bbox 213 3813 1248 3886; baseline -0.001 -17"><span class='ocrx_word' id='word_1_195' title='bbox 213 3815 325 3885; x_wconf 85' lang='lat' dir='ltr'>Cybeles</span> <span class='ocrx_word' id='word_1_196' title='bbox 342 3819 450 3872; x_wconf 88' lang='lat' dir='ltr'>nornine</span> <span class='ocrx_word' id='word_1_197' title='bbox 469 3817 621 3885; x_wconf 81' lang='lat' dir='ltr'>spondebat</span> <span class='ocrx_word' id='word_1_198' title='bbox 655 3815 704 3886; x_wconf 85' lang='lat' dir='ltr'>A.]</span> <span class='ocrx_word' id='word_1_199' title='bbox 804 3813 815 3846; x_wconf 87' lang='lat'>⁷</span> <span class='ocrx_word' id='word_1_200' title='bbox 832 3819 928 3884; x_wconf 58' lang='lat' dir='ltr'>ulmae,</span> <span class='ocrx_word' id='word_1_201' title='bbox 949 3832 983 3868; x_wconf 75' lang='grc' dir='ltr'><strong>ιι.</strong></span> <span class='ocrx_word' id='word_1_202' title='bbox 1003 3819 1035 3867; x_wconf 92' lang='lat' dir='ltr'>ut</span> <span class='ocrx_word' id='word_1_203' title='bbox 1054 3813 1104 3868; x_wconf 86' lang='lat' dir='ltr'>sibi</span> <span class='ocrx_word' id='word_1_204' title='bbox 1122 3814 1248 3868; x_wconf 81' lang='lat' dir='ltr'>inimicie-</span> 
     </span>
     <span class='ocr_line' id='line_1_29' title="bbox 212 3897 1247 3970; baseline -0.002 -17"><span class='ocrx_word' id='word_1_205' title='bbox 212 3901 273 3954; x_wconf 89' lang='lat' dir='ltr'>The</span> <span class='ocrx_word' id='word_1_206' title='bbox 289 3905 442 3970; x_wconf 75' lang='lat' dir='ltr'>expression</span> <span class='ocrx_word' id='word_1_207' title='bbox 456 3920 574 3957; x_wconf 65' lang='lat' dir='ltr'>aroana</span> <span class='ocrx_word' id='word_1_208' title='bbox 585 3901 628 3956; x_wconf 89' lang='lat' dir='ltr'>for</span> <span class='ocrx_word' id='word_1_209' title='bbox 638 3919 707 3956; x_wconf 79' lang='lat' dir='ltr'>more</span> <span class='ocrx_word' id='word_1_210' title='bbox 755 3903 830 3958; x_wconf 89' lang='lat' dir='ltr'>simo.</span> <span class='ocrx_word' id='word_1_211' title='bbox 865 3900 1036 3965; x_wconf 83' lang='lat' dir='ltr'>Prudentius,</span> <span class='ocrx_word' id='word_1_212' title='bbox 1055 3917 1078 3954; x_wconf 86' lang='lat' dir='ltr'>o.</span> <span class='ocrx_word' id='word_1_213' title='bbox 1097 3897 1247 3968; x_wconf 77' lang='lat' dir='ltr'>symmach.</span> 
     </span>
     <span class='ocr_line' id='line_1_30' title="bbox 210 3986 858 4044; baseline -0.003 -4"><span class='ocrx_word' id='word_1_214' title='bbox 210 3986 259 4040; x_wconf 83' lang='lat' dir='ltr'>bas</span> <span class='ocrx_word' id='word_1_215' title='bbox 271 3987 338 4041; x_wconf 87' lang='lat' dir='ltr'>been</span> <span class='ocrx_word' id='word_1_216' title='bbox 349 3989 490 4044; x_wconf 86' lang='lat' dir='ltr'>remarkcd</span> <span class='ocrx_word' id='word_1_217' title='bbox 501 4005 536 4041; x_wconf 93' lang='lat' dir='ltr'>on</span> <span class='ocrx_word' id='word_1_218' title='bbox 547 3989 576 4040; x_wconf 91' lang='lat' dir='ltr'>in</span> <span class='ocrx_word' id='word_1_219' title='bbox 587 4006 609 4040; x_wconf 90' lang='lat' dir='ltr'>c.</span> <span class='ocrx_word' id='word_1_220' title='bbox 620 3989 663 4041; x_wconf 81' lang='lat'>22.</span> <span class='ocrx_word' id='word_1_221' title='bbox 755 4007 786 4042; x_wconf 89' lang='lat'>11.</span> <span class='ocrx_word' id='word_1_222' title='bbox 797 3990 858 4042; x_wconf 71' lang='lat'><strong>496.</strong></span> 
     </span>
    </p>

    <p class='ocr_par' dir='ltr' id='par_1_6' title="bbox 995 4059 1199 4112">
     <span class='ocr_line' id='line_1_31' title="bbox 995 4059 1199 4112; baseline -0.015 -8"><span class='ocrx_word' id='word_1_223' title='bbox 995 4060 1111 4104; x_wconf 85' lang='lat' dir='ltr'>concessit</span> <span class='ocrx_word' id='word_1_224' title='bbox 1120 4059 1199 4112; x_wconf 82' lang='lat' dir='ltr'>etipsa</span> 
     </span>
    </p>
   </div>
   <div class='ocr_carea' id='block_1_6' title="bbox 210 4087 1249 4248">
    <p class='ocr_par' dir='ltr' id='par_1_7' title="bbox 210 4087 1249 4248">
     <span class='ocr_line' id='line_1_32' title="bbox 253 4087 1249 4190; baseline 0.012 -49"><span class='ocrx_word' id='word_1_225' title='bbox 253 4087 273 4190; x_wconf 38' lang='lat'>&#39;⁰</span> <span class='ocrx_word' id='word_1_226' title='bbox 289 4094 377 4143; x_wconf 79' lang='lat' dir='ltr'>rtatim</span> <span class='ocrx_word' id='word_1_227' title='bbox 399 4092 422 4144; x_wconf 83' lang='lat' dir='ltr'>is</span> <span class='ocrx_word' id='word_1_228' title='bbox 442 4092 508 4145; x_wconf 91' lang='lat' dir='ltr'>used</span> <span class='ocrx_word' id='word_1_229' title='bbox 528 4091 585 4144; x_wconf 88' lang='lat' dir='ltr'>like</span> <span class='ocrx_word' id='word_1_230' title='bbox 606 4098 705 4144; x_wconf 74' lang='lat' dir='ltr'>tanae.</span> <span class='ocrx_word' id='word_1_231' title='bbox 780 4129 903 4172; x_wconf 60' lang='lat' dir='ltr'>summ</span> <span class='ocrx_word' id='word_1_232' title='bbox 915 4129 1018 4183; x_wconf 75' lang='lat' dir='ltr'>Phrygiis</span> <span class='ocrx_word' id='word_1_233' title='bbox 1031 4129 1116 4172; x_wconf 72' lang='lat' dir='ltr'>servire</span> <span class='ocrx_word' id='word_1_234' title='bbox 1130 4125 1249 4179; x_wconf 78' lang='lat' dir='ltr'>nepotibus</span> 
     </span>
     <span class='ocr_line' id='line_1_33' title="bbox 210 4177 908 4248; baseline 0.004 -19"><span class='ocrx_word' id='word_1_235' title='bbox 210 4179 302 4230; x_wconf 77' lang='lat' dir='ltr'>oblatus</span> <span class='ocrx_word' id='word_1_236' title='bbox 316 4181 424 4229; x_wconf 81' lang='lat' dir='ltr'>oatrmn</span> <span class='ocrx_word' id='word_1_237' title='bbox 430 4195 444 4238; x_wconf 90' lang='lat'><em>;</em></span> <span class='ocrx_word' id='word_1_238' title='bbox 463 4181 591 4230; x_wconf 72' lang='lat' dir='ltr'>obliciacor</span> <span class='ocrx_word' id='word_1_239' title='bbox 606 4177 629 4229; x_wconf 89' lang='lat' dir='ltr'>is</span> <span class='ocrx_word' id='word_1_240' title='bbox 644 4193 705 4228; x_wconf 89' lang='lat' dir='ltr'>con·</span> <span class='ocrx_word' id='word_1_241' title='bbox 828 4197 908 4248; x_wconf 60' lang='lat' dir='ltr'>anam</span> 
     </span>
    </p>
   </div>
   <div class='ocr_carea' id='block_1_7' title="bbox 210 4259 1249 4417">
    <p class='ocr_par' dir='ltr' id='par_1_8' title="bbox 210 4259 1249 4417">
     <span class='ocr_line' id='line_1_34' title="bbox 210 4259 1249 4330; baseline -0.013 -14"><span class='ocrx_word' id='word_1_242' title='bbox 210 4262 312 4330; x_wconf 77' lang='lat' dir='ltr'>stantly</span> <span class='ocrx_word' id='word_1_243' title='bbox 324 4261 407 4314; x_wconf 87' lang='lat' dir='ltr'>found</span> <span class='ocrx_word' id='word_1_244' title='bbox 424 4262 490 4315; x_wconf 85' lang='lat' dir='ltr'>with</span> <span class='ocrx_word' id='word_1_245' title='bbox 506 4281 541 4316; x_wconf 85' lang='lat' dir='ltr'>an</span> <span class='ocrx_word' id='word_1_246' title='bbox 557 4263 705 4317; x_wconf 80' lang='lat' dir='ltr'>accusativo</span> <span class='ocrx_word' id='word_1_247' title='bbox 777 4265 814 4316; x_wconf 82' lang='lat' dir='ltr'>rt,</span> <span class='ocrx_word' id='word_1_248' title='bbox 839 4275 907 4318; x_wconf 82' lang='lat' dir='ltr'>quam</span> <span class='ocrx_word' id='word_1_249' title='bbox 932 4262 1041 4318; x_wconf 68' lang='lat' dir='ltr'>subsectis</span> <span class='ocrx_word' id='word_1_250' title='bbox 1065 4262 1179 4306; x_wconf 79' lang='lat' dir='ltr'>dominam</span> <span class='ocrx_word' id='word_1_251' title='bbox 1202 4259 1249 4302; x_wconf 73' lang='lat' dir='ltr'>Du</span> 
     </span>
     <span class='ocr_line' id='line_1_35' title="bbox 210 4333 998 4417; baseline -0.016 -15"><span class='ocrx_word' id='word_1_252' title='bbox 210 4349 240 4402; x_wconf 88' lang='lat' dir='ltr'>in</span> <span class='ocrx_word' id='word_1_253' title='bbox 255 4347 330 4416; x_wconf 84' lang='lat' dir='ltr'>early</span> <span class='ocrx_word' id='word_1_254' title='bbox 345 4347 447 4400; x_wconf 71' lang='lat' dir='ltr'>writer-e</span> <span class='ocrx_word' id='word_1_255' title='bbox 455 4364 463 4412; x_wconf 92' lang='lat'>;</span> <span class='ocrx_word' id='word_1_256' title='bbox 481 4347 528 4401; x_wconf 87' lang='lat' dir='ltr'>the</span> <span class='ocrx_word' id='word_1_257' title='bbox 544 4349 704 4417; x_wconf 86' lang='lat' dir='ltr'>expression,</span> <span class='ocrx_word' id='word_1_258' title='bbox 828 4333 935 4386; x_wconf 71' lang='lat' dir='ltr'>gentibus</span> <span class='ocrx_word' id='word_1_259' title='bbox 948 4344 998 4375; x_wconf 72' lang='lat'>²¹⁸⁰</span> 
     </span>
    </p>
   </div>
   <div class='ocr_carea' id='block_1_8' title="bbox 210 4393 1249 4520">
    <p class='ocr_par' dir='ltr' id='par_1_9' title="bbox 210 4393 1249 4520">
     <span class='ocr_line' id='line_1_36' title="bbox 210 4393 1249 4520; baseline -0.031 -32"><span class='ocrx_word' id='word_1_260' title='bbox 210 4433 333 4504; x_wconf 70' lang='lat' dir='ltr'>another</span> <span class='ocrx_word' id='word_1_261' title='bbox 355 4432 422 4486; x_wconf 84' lang='lat' dir='ltr'>with</span> <span class='ocrx_word' id='word_1_262' title='bbox 445 4434 546 4487; x_wconf 77' lang='lat' dir='ltr'>several</span> <span class='ocrx_word' id='word_1_263' title='bbox 569 4435 658 4489; x_wconf 84' lang='lat' dir='ltr'>others</span> <span class='ocrx_word' id='word_1_264' title='bbox 678 4434 709 4488; x_wconf 87' lang='lat' dir='ltr'>of</span> <span class='ocrx_word' id='word_1_265' title='bbox 779 4393 1249 4520; x_wconf 42' lang='lat' dir='ltr'>Siqssgvfflussmm’lmtummim</span> 
     </span>
    </p>
   </div>
   <div class='ocr_carea' id='block_1_9' title="bbox 210 4520 1244 4587">
    <p class='ocr_par' dir='ltr' id='par_1_10' title="bbox 210 4520 1244 4587">
     <span class='ocr_line' id='line_1_37' title="bbox 210 4520 1244 4587; baseline -0.004 -13"><span class='ocrx_word' id='word_1_266' title='bbox 210 4522 265 4575; x_wconf 75' lang='lat' dir='ltr'>this</span> <span class='ocrx_word' id='word_1_267' title='bbox 280 4520 398 4587; x_wconf 82' lang='lat' dir='ltr'>chapter,</span> <span class='ocrx_word' id='word_1_268' title='bbox 418 4535 511 4572; x_wconf 71' lang='lat' dir='ltr'>oscum</span> <span class='ocrx_word' id='word_1_269' title='bbox 530 4527 558 4574; x_wconf 83' lang='lat' dir='ltr'>at</span> <span class='ocrx_word' id='word_1_270' title='bbox 577 4520 623 4574; x_wconf 78' lang='lat' dir='ltr'>the</span> <span class='ocrx_word' id='word_1_271' title='bbox 643 4537 705 4574; x_wconf 81' lang='lat' dir='ltr'>oon-</span> <span class='ocrx_word' id='word_1_272' title='bbox 766 4527 1244 4577; x_wconf 71' lang='lat' dir='ltr'>suartmmuuamueumvtmensnn</span> 
     </span>
    </p>
   </div>
   <div class='ocr_carea' id='block_1_10' title="bbox 1058 4619 1149 4690">
    <p class='ocr_par' dir='ltr' id='par_1_11' title="bbox 1058 4619 1149 4690">
     <span class='ocr_line' id='line_1_38' title="bbox 1058 4619 1149 4690; baseline 0 -12"><span class='ocrx_word' id='word_1_273' title='bbox 1058 4619 1149 4690; x_wconf 71' lang='grc'>7-2</span> 
     </span>
    </p>
   </div>
   <div class='ocr_carea' id='block_1_11' title="bbox 0 0 1654 5180">
    <p class='ocr_par' dir='ltr' id='par_1_12' title="bbox 0 0 1654 5180">
     <span class='ocr_line' id='line_1_39' title="bbox 0 0 1654 5180; baseline 0 1"><span class='ocrx_word' id='word_1_274' title='bbox 0 0 1654 5180; x_wconf 95' lang='lat' dir='ltr'> </span> 
     </span>
    </p>
   </div>
  </div>
 </body>
</html>
