3306 5176
496 358 613 408 arnan
639 355 943 408 aronoonrrcus
1188 338 1237 405 25

197 547 235 608 et
254 534 419 610 Sirenum
443 561 504 610 ora
521 537 638 634 judici
654 538 852 611 reseravit?
884 535 975 621 Quis
993 534 1050 608 vel
1064 535 1103 607 in
1121 533 1239 607 uxori·
1286 535 1364 644 cvii'

197 662 264 734 bus
298 661 419 759 aliqua
455 662 643 735 immunda
677 663 828 759 vestigia
863 659 1123 758 deprehendit?
1161 659 1239 756 quis
1252 678 1394 688 “-

198 786 287 860 talia
308 785 473 872 facinora,
494 812 574 860 cum
594 788 800 872 invenisset,
824 785 963 872 celavit,
989 796 1054 859 aut
1077 783 1241 858 vendidit

199 913 293 1008 ipsos
310 910 454 985 trahens
471 910 662 985 homines?
703 911 743 984 Si
761 937 898 1009 semper
916 910 1081 996 latemus,
1099 909 1241 1007 quando

199 1035 379 1132 proditum
398 1048 463 1123 est,
481 1036 575 1133 quod
590 1035 843 1110 admittimus?
869 1037 942 1108 imo
958 1062 980 1110 a
997 1037 1124 1132 quibus
1138 1036 1241 1133 prodi

200 1163 346 1259 potuit?
394 1161 459 1235 Ab
483 1163 569 1259 ipsis
592 1163 688 1235 enim
716 1163 784 1234 reis
811 1185 882 1234 non
909 1161 1046 1258 utique,
1077 1186 1158 1234 cum
1183 1159 1241 1234 vel

201 1312 247 1358 ex
266 1285 377 1360 forma
399 1287 563 1360 omnibus
583 1288 762 1385 mysteriis
785 1283 921 1360 silentii
947 1285 1035 1359 fides
1060 1287 1239 1360 debeatur.

203 1412 444 1487 Samothracia
462 1424 500 1486 et
521 1413 711 1486 Eleusinia
732 1414 948 1486 reticentur:
975 1422 1108 1510 quanto
1127 1413 1241 1511 magis

202 1539 299 1624 talia,
336 1564 413 1635 quae
448 1537 589 1635 prodita
621 1537 765 1611 interim
799 1539 906 1611 etiam
939 1535 1131 1610 humanam
1166 1535 1242 1610 ani-

202 1664 478 1736 madversionem
504 1663 756 1759 provocabunt,
781 1662 865 1734 dum
892 1659 1014 1734 divina
1039 1662 1240 1734 servatur⁶?

206 1788 245 1860 Si
277 1813 359 1884 ergo
384 1813 455 1860 non
479 1789 547 1884 ipsi
578 1787 774 1884 proditores
810 1789 877 1872 sui,
912 1788 1073 1884 sequitur
1103 1796 1146 1859 ut
1182 1791 1399 1857 ex-AdNrffl·

205 1917 330 1988 tranei.
376 1913 431 1986 Et
465 1914 561 1986 unde
594 1914 772 1986 extraneis
804 1914 960 1986 notitia?
1000 1937 1079 1985 cum
1106 1935 1243 2007 semper

204 2043 312 2115 etiam
335 2042 404 2138 piae
425 2040 647 2112 initiationes
669 2050 811 2113 arceant
837 2038 1000 2137 profanos
1022 2050 1060 2112 et
1084 2040 1128 2111 ab
1152 2038 1244 2110 arhi-

205 2168 270 2238 tria
288 2175 446 2250 caveant,
467 2165 537 2236 nisi
557 2164 586 2236 si
607 2165 709 2261 impii
727 2165 846 2237 minus
864 2167 1060 2238 metuunt?
1100 2162 1243 2236 Natura

205 2291 307 2365 famae
328 2291 491 2364 omnibus
514 2299 599 2362 nota
625 2301 690 2363 est.
730 2290 903 2364 Vestrum
928 2302 1004 2364 est:

259 2532 384 2605 Fumo
406 2529 551 2616 uadum,
577 2555 647 2628 quo
668 2555 738 2604 non
761 2529 865 2604 uliud
888 2529 1041 2604 velocius
1067 2530 1188 2605 ullam.

207 2760 441 2834 Carmelum
473 2759 592 2833 fama?
634 2761 719 2856 quia
748 2760 879 2834 velox?
915 2761 998 2858 quia
1029 2760 1165 2833 index?
1199 2786 1244 2834 an

207 2887 290 2985 quia
321 2885 514 2984 plurimum
548 2884 729 2958 mendax?
771 2911 849 2982 quae
882 2911 927 2958 ne
967 2897 1053 2958 tuno
1090 2886 1245 2982 quidem,

207 3035 316 3108 quum
347 3009 484 3106 aliquid
506 3011 579 3083 veri
613 3011 727 3094 affert,
757 3011 833 3083 sine
859 3007 1034 3082 mendacii
1063 3011 1151 3084 vitio
1180 3021 1245 3094 est,

207 3134 410 3220 detrahens,
433 3135 613 3230 adjiciens,
634 3134 822 3207 demutans
844 3134 888 3206 de
909 3135 1069 3206 veritate.
1116 3133 1244 3219 Quid?

209 3261 300 3358 quod
330 3288 371 3334 ea
395 3261 449 3333 illi
475 3260 630 3333 conditio
659 3273 723 3344 est,
747 3272 790 3332 ut
817 3285 886 3332 non
917 3261 986 3331 nisi
1013 3285 1122 3355 quum
1149 3286 1247 3333 men·

208 3554 260 3608 den
273 3555 398 3622 surprise.
434 3555 605 3620 Superoarritr
631 3569 705 3604 came
754 3552 833 3606 when
850 3569 903 3607 was
916 3571 966 3606 our
981 3554 1063 3607 crime
1076 3554 1247 3611 discovered?

208 3639 461 3708 unexpectedlyon.
496 3636 630 3706 SeeVirg.
645 3637 703 3690 Ecl.
754 3641 879 3692 acordua
897 3639 980 3693 refers
1002 3645 1030 3692 to
1046 3639 1093 3694 the
1112 3641 1249 3696 Christian

208 3729 306 3779 v1.20.
328 3727 468 3794 quietalis
480 3726 615 3792 facinora,
636 3721 703 3788 &c.;
754 3724 997 3778 wivesofhsathen
1006 3725 1150 3793 husbands‚
1158 3727 1248 3782 whose

209 3810 270 3864 The
287 3817 430 3880 argument
449 3811 472 3864 is
491 3809 560 3864 this:
596 3809 641 3862 On
657 3809 705 3862 the
753 3810 911 3864 attendanca
945 3818 974 3865 at
1009 3811 1083 3866 these
1118 3815 1249 3884 rneetings

209 3897 347 3965 discovery
361 3896 392 3950 of
403 3895 469 3950 such
483 3896 646 3961 enormities,
658 3895 704 3948 the
754 3894 845 3948 would
855 3897 992 3966 naturally
1002 3899 1091 3952 excite
1102 3901 1249 3968 suspicions

209 3982 358 4036 discoverer
368 3987 440 4036 must
452 3981 614 4035 eitharhave
623 3981 705 4034 taken
753 3982 929 4036 observation.
964 3983 1012 4036 See
1027 3983 1075 4038 tho
1092 3986 1199 4040 treatise
1214 3986 1249 4040 ad

209 4087 226 4122 a
239 4067 315 4122 bribs
328 4066 371 4120 for
383 4067 564 4122 concealment
579 4066 631 4136 (ad
641 4065 705 4120 Nat.
755 4067 839 4120 Uxor.

210 4173 228 4208 1.
248 4152 288 4222 7.)
309 4169 340 4205 or
356 4152 392 4204 he
411 4158 485 4206 must
500 4153 570 4206 have
588 4152 705 4206 arrested
805 4151 1141 4218 6ιίιιιιιιίιίιιίιιιιονυιιιιιν,·
1159 4157 1249 4210 which

209 4240 257 4294 the
268 4237 405 4292 criminals
419 4239 448 4290 in
462 4238 509 4292 tho
520 4245 572 4304 aot,
584 4239 636 4292 and
648 4238 705 4292 sold
754 4237 811 4290 will
827 4238 878 4292 call
892 4239 971 4294 down
983 4240 1086 4294 human
1100 4260 1249 4312 vengeance

210 4327 253 4380 his
271 4323 444 4379 information
458 4329 487 4376 to
500 4341 516 4378 a
531 4325 705 4394 magistrate3
755 4323 783 4376 in
797 4323 844 4376 the
859 4335 966 4393 present
982 4327 1038 4392 life,
1053 4327 1134 4380 while
1148 4327 1194 4380 the
1210 4329 1250 4382 di-

210 4413 262 4468 and
271 4417 318 4480 yet
325 4410 386 4464 who
398 4408 446 4462 has
454 4426 517 4462 avar
525 4409 592 4464 done
601 4409 705 4464 cithari
755 4409 818 4462 vine
834 4427 983 4479 rengeanco
1001 4414 1024 4467 is
1042 4413 1122 4482 being
1140 4413 1193 4467 laid
1212 4432 1249 4483 up

212 4498 241 4551 lf
265 4516 304 4550 wo
332 4496 433 4564 always
459 4513 550 4563 escape
574 4495 706 4548 dctaction
756 4495 966 4552 forthefuture.
