3306 5176
512 375 630 426 maan
655 375 961 426 aponocarrcus.
1200 361 1246 426 13

208 565 295 628 sunt
330 553 536 629 Christiani.
600 558 659 631 Ita
697 580 826 630 nomen
858 556 1098 630 emendationi
1129 557 1246 654 impu·
1296 569 1372 678 CIpIP

210 693 320 754 tatur.
379 679 559 759 Nonnulli
591 683 701 755 etiam
733 681 778 754 de
809 681 1029 755 utilitatibus
1060 682 1133 754 suis
1164 707 1246 755 cum
1260 719 1406 732 --·--

209 807 291 880 odio
327 808 397 881 isto
430 809 669 906 paciscuntur,
708 809 867 882 contenti
903 805 1045 903 injuria,
1084 808 1247 883 dumne

209 932 306 1006 domi
330 931 495 1019 habeant,
517 934 612 1031 quod
636 933 798 1010 oderunt.
845 933 1008 1007 Uxorem
1038 937 1114 1029 jam
1140 936 1246 1032 pudi-

126 1045 127 1048 '
210 1083 285 1130 cam
311 1059 460 1130 maritus
485 1061 562 1154 jam
586 1083 658 1130 non
685 1057 868 1155 zelotypus
897 1059 1012 1154 ejecit,
1036 1059 1151 1132 filium
1169 1064 1246 1157 jam

210 1183 408 1278 subjectum
438 1194 539 1280 pater
570 1195 664 1256 retro
696 1185 836 1281 patiens
869 1183 1071 1269 abdicavit⁴,
1107 1211 1254 1260 servum.

205 1310 280 1402 jam
315 1307 456 1382 fidelem
485 1309 651 1382 dominus
676 1309 762 1382 olim
789 1310 887 1382 mitis
913 1309 957 1382 ab
980 1311 1090 1384 oculis
1113 1312 1247 1410 relega·

209 1436 285 1506 vit:
327 1446 370 1507 ut
403 1436 552 1532 quisque
575 1433 642 1508 hoc
664 1437 808 1508 nomine
832 1435 1054 1522 emendatur,
1082 1437 1246 1511 offendit.

210 1561 323 1633 Tanti
353 1587 424 1634 non
454 1572 508 1635 est
540 1563 685 1645 bonurn,
713 1559 839 1659 quanti
862 1570 916 1634 est
944 1559 1064 1634 odium
1098 1561 1248 1636 Christi-

208 1703 365 1760 anorum.
417 1689 527 1762 Nunc
550 1689 674 1786 igitur,
700 1689 731 1760 si
757 1687 912 1760 nominis
937 1687 1059 1760 odium
1080 1698 1145 1774 est,
1169 1691 1248 1787 quis

208 1813 394 1886 nominum
427 1810 584 1887 reatus⁵?
642 1814 738 1900 Quae
779 1813 955 1888 accusatio
987 1815 1247 1902 vocabulorum,

208 1939 326 2011 nisisi
349 1951 413 2012 aut
428 1941 617 2014 barbarum
638 1949 741 2013 sonat
767 1937 886 2036 aliqua
906 1964 974 2012 vox
995 1941 1160 2024 nominis,
1183 1951 1248 2015 aut

208 2061 417 2149 infaustum,
435 2076 498 2137 aut
514 2064 738 2148 maledicum,
760 2074 823 2137 aut
837 2063 1085 2161 impudicum?
1128 2065 1248 2139 Chris-

209 2187 329 2260 tianus
346 2214 437 2275 vero,
456 2200 630 2286 quantum
647 2189 895 2286 interpretatio
913 2194 992 2274 est⁶,
1015 2189 1060 2262 de
1078 2191 1247 2265 unctione

208 2311 406 2386 deducitur.
455 2313 524 2386 Sed
547 2326 584 2388 et
609 2339 690 2387 cum
713 2339 897 2412 perperam
922 2312 1154 2388 Chrestianus
1170 2333 1357 2412 prohat-3·

208 2439 397 2512 nuntiatur
414 2466 434 2512 a
454 2441 552 2514 vobis
569 2443 667 2528 (nam
684 2465 750 2512 neo
766 2440 920 2512 nominis
938 2450 1032 2513 certa
1048 2450 1103 2514 est
1116 2443 1248 2515 notitia

207 2589 315 2660 penes
340 2569 427 2660 vos),
455 2565 500 2638 de
530 2566 706 2638 suavitate
733 2563 790 2637 vel
821 2565 1044 2662 benignitate
1077 2567 1247 2663 composi-

209 2699 286 2762 tum
305 2702 368 2764 est.
416 2688 553 2764 Oditur
571 2715 654 2787 ergo
675 2691 714 2762 in
736 2687 940 2762 hominibus
959 2691 1120 2764 innocuis
1137 2692 1246 2764 etiam

208 2839 336 2888 nomen
370 2817 573 2888 innocuum.
633 2815 693 2888 At
718 2816 814 2888 enim
843 2825 939 2888 secta
967 2815 1087 2890 oditur
1115 2818 1154 2890 in
1184 2843 1248 2890 no-

208 2941 306 3014 mine
338 2939 482 3038 utique⁷
514 2942 570 3015 sui
602 2942 765 3014 auctoris.
817 2941 916 3026 Quid
942 2942 1036 3026 novi,
1067 2942 1098 3014 si
1128 2942 1248 3038 aliqua

208 3065 397 3165 disciplina
430 3067 475 3140 de
504 3069 676 3164 magistro
710 3078 982 3164 cognomentum
1016 3069 1247 3141 sectatoribus

204 3193 282 3266 suis
317 3192 485 3266 inducit?
550 3189 683 3265 Nonne
726 3191 927 3290 philosophi
965 3193 1009 3265 de
1047 3194 1248 3266 auctoribus

258 3437 269 3468 ⁴
285 3440 368 3492 Potor
381 3441 426 3507 qui
437 3443 505 3492 rotro
517 3435 703 3507 (antemium
752 3438 795 3488 28.
807 3436 880 3504 Lips.
892 3436 926 3490 ad
939 3436 1003 3490 Tac.
1015 3433 1088 3490 Hist.
1099 3455 1137 3491 rv.
1148 3435 1207 3506 53),
1218 3454 1249 3490 or

204 3525 562 3592 patrebaturnonsubjeotum
571 3526 702 3590 ossc‚j‹rm,
751 3517 1249 3597 scurrilous(molodieum),orobscene

208 3609 258 3665 &c
287 3612 422 3676 abdicauit,
434 3627 457 3663 c.
468 3611 494 3663 6.
520 3610 703 3676 Serapmmet
753 3603 949 3678 (impudicum.)
1008 3679 1009 3682 Ἴ

204 3685 304 3752 ‘Iudam
323 3697 392 3751 Coss.
411 3693 705 3750 abdicaverunt—This
803 3691 814 3722 ⁶
830 3693 870 3747 As
880 3693 923 3748 far
935 3711 964 3748 es
975 3693 1021 3748 the
1034 3694 1081 3748 the
1094 3695 1249 3764 etymology

207 3801 262 3836 was
278 3783 325 3836 the
343 3781 476 3836 technical
493 3787 565 3835 term
579 3779 622 3834 for
636 3780 722 3834 such'
753 3781 1036 3849 goes—Chrestianus,
1056 3781 1110 3835 this
1128 3799 1183 3835 was
1201 3780 1248 3834 the

207 3886 224 3921 a
237 3868 403 3937 proceeding.
437 3867 553 3936 Quintil.
565 3885 613 3920 vrr.
624 3870 650 3919 4.
661 3864 703 3924 27.
752 3867 1009 3934 mispronunciation
1035 3866 1066 3920 of
1096 3867 1143 3920 the
1174 3868 1248 3920 word

208 3957 320 4023 “qualas
329 3961 393 4008 aunt
403 3951 604 4023 (so.sormae)r'n
612 3953 705 4020 quibus
754 3948 810 4020 (see
829 3953 920 4020 Intpp.
934 3953 969 4006 ad
987 3953 1058 4007 Suet.
1073 3953 1167 4007 Claud.
1181 3953 1247 4026 25);

206 4042 342 4094 emautur
361 4040 439 4107 filius
461 4043 507 4108 qui
532 4055 585 4092 uon
609 4043 702 4106 porcat
751 4037 802 4091 but
820 4055 888 4091 even
902 4037 966 4104 this,
978 4057 1039 4106 says
1053 4039 1214 4105 Tertulliam
1226 4041 1249 4093 is

204 4124 302 4194 putri?
330 4124 461 4194 Compare
472 4124 519 4179 the
531 4122 644 4192 augural
654 4139 702 4176 use
750 4123 783 4176 of
804 4123 874 4192 good
896 4123 1044 4179 derivatico
1065 4126 1119 4179 and
1140 4127 1249 4194 import.

206 4212 239 4266 of
247 4210 467 4265 obdicercmCic.
479 4210 512 4263 de
524 4208 617 4263 Diviu.
751 4210 837 4263 Penes
847 4227 1000 4278 ooo—penes
1011 4211 1180 4280 throughout
1194 4210 1250 4264 this

259 4295 373 4349 ⁵What
387 4296 410 4348 is
425 4295 543 4348 therein
559 4298 705 4348 anameto
754 4293 852 4348 author
874 4295 897 4348 is
920 4297 985 4350 used
1008 4298 1037 4350 in
1059 4296 1106 4350 the
1126 4313 1201 4350 sense
1222 4294 1254 4348 of

207 4384 241 4438 be
260 4380 381 4446 accused,
401 4380 491 4434 unless
510 4381 532 4434 it
555 4381 588 4434 be
611 4380 705 4434 barba-
753 4383 832 4447 opatd,
845 4383 1128 4449 c.9.peuesAfrtoom.

207 4487 279 4535 rous,
291 4486 323 4523 or
338 4466 463 4535 unlucky
475 4464 637 4534 (infaustum
644 4486 653 4526 ;
676 4481 706 4519 as
805 4463 815 4494 ⁷
837 4466 1035 4534 Utique-atall
1046 4473 1139 4520 events
1148 4466 1192 4521 for
1202 4465 1249 4520 the

208 4572 300 4609 nomen
311 4553 520 4616 abominandum,
533 4551 592 4604 Liv.
604 4569 704 4606 xxvrrr.
755 4551 819 4606 sake
831 4551 862 4605 of
869 4553 903 4606 its
916 4551 1063 4605 Founder’s
1074 4569 1162 4606 name.
