3300 5180
421 317 491 386 144
792 337 1062 390 reurunuaur

286 528 370 637 gilli:
415 527 453 589 et
478 513 573 590 diem
599 479 772 613 perdam
799 527 958 591 attamen
984 515 1064 590 lavo
1094 527 1131 590 et
1157 514 1279 590 debita
1304 514 1389 588 hora
1414 526 1451 588 et

256 641 559 727 ——salubrn
585 666 662 740 quae
684 639 774 716 mibi
798 654 835 716 et
852 641 1002 716 calorem
1023 653 1060 716 et
1082 642 1290 739 sanguinem
1315 653 1449 726 serret3

413 767 528 864 rigere
556 776 593 840 et
621 765 769 864 pallere⁵
798 778 878 864 post
908 767 1085 841 lavacrum
1115 778 1276 840 mortuus
1298 792 1450 864 possum.

414 891 499 964 Non
516 892 553 964 in
577 891 719 988 publico
742 891 971 966 Liberalibus
992 892 1184 978 discumbo,
1207 892 1302 990 quod
1323 893 1452 966 bestia-

413 1016 476 1090 riis
501 1021 716 1115 supremam⁶
742 1019 963 1092 caenantibus
988 1043 1064 1091 mos
1089 1027 1164 1105 est;
1192 1029 1351 1092 attamen
1375 1018 1452 1090 ubi-

413 1143 476 1216 ubi
496 1143 541 1218 de
561 1140 670 1241 copiis
689 1144 763 1217 tuis
784 1169 893 1217 coeuo.
944 1141 1031 1218 Non
1047 1169 1125 1217 emo
1148 1144 1257 1242 capiti
1276 1167 1450 1217 coronam.

414 1267 517 1354 Quid
533 1279 596 1342 tua
610 1268 771 1354 interest,
797 1269 927 1366 emptis
947 1267 1181 1342 nihilominus
1199 1267 1342 1341 floribus
1367 1292 1452 1365 quo-

412 1392 517 1466 modo
548 1397 660 1466 uter?
693 1404 782 1491 puto
808 1395 944 1490 gratius
967 1393 1088 1467 liberis
1112 1405 1149 1468 et
1173 1393 1297 1466 solutis
1324 1403 1361 1466 et
1386 1417 1453 1466 un-

412 1516 520 1616 dique
545 1518 665 1615 vagis3
692 1516 755 1592 sed
779 1518 847 1592 etsi
866 1518 904 1590 in
928 1543 1089 1592 coronam
1114 1519 1252 1604 coactis,
1275 1543 1338 1592 nos
1356 1543 1451 1590 coro*

412 1665 495 1715 nam
529 1642 673 1716 naribus
706 1642 880 1729 novimus,
915 1642 1071 1716 viderint
1098 1644 1160 1740 qui
1193 1669 1256 1740 per
1284 1643 1450 1740 capillum

413 1766 631 1840 odorantur⁷.
680 1765 897 1864 Spectaculis
923 1791 993 1840 non
1022 1769 1273 1855 convenimus;
1298 1794 1375 1866 quae
1396 1775 1450 1842 ta-

412 1917 496 1966 men
524 1891 618 1989 apud
645 1891 725 1966 illos
754 1905 865 1966 coetus
890 1893 1122 1968 venditantur
1147 1895 1175 1966 si
1200 1893 1451 1976 desideravero,

412 2016 585 2092 libentius
609 2016 654 2090 de
680 2017 753 2090 suis
778 2016 864 2090 locis
895 2043 1043 2091 sumam.
1090 2016 1217 2092 Thura
1240 2018 1347 2117 plane
1379 2035 1450 2090 uon·

414 2144 586 2232 emimus3
612 2145 641 2217 si
659 2141 807 2218 Arabia
834 2155 1043 2241 queruntur,
1068 2146 1181 2220 scient
1204 2145 1319 2218 Sabaei
1339 2144 1451 2242 pluris

411 2279 451 2344 et
475 2268 615 2342 carioris
635 2293 715 2344 suas
741 2293 872 2342 merces
900 2267 1112 2344 Christianis
1138 2269 1348 2366 sepeliendis
1373 2293 1452 2366 pro-

412 2393 558 2492 fligaril,
599 2419 704 2492 quam
739 2393 809 2466 diis
842 2391 1068 2490 fumigandis.
1132 2391 1251 2479 Certe,
1289 2393 1451 2490 inquitis,

414 2519 630 2617 templorum
665 2519 855 2616 vectigalia
890 2519 1049 2614 quotidie
1078 2519 1305 2616 decoquunt⁹,
1342 2517 1451 2614 stipes

462 2809 571 2880 agam
592 2817 617 2865 «ι
635 2811 736 2877 pacare
779 2805 840 2860 rus
861 2805 906 2858 aa
954 2805 979 2860 rr
992 2813 1040 2862 not
1053 2807 1083 2860 rn
1097 2808 1145 2862 cns
1161 2813 1254 2864 sema
1271 2807 1315 2878 (a
1328 2805 1452 2879 mum).

410 2897 528 2954 turnella
549 2895 597 2950 fell
619 2895 649 2948 in
674 2892 830 2956 December,
853 2890 906 2944 und
1005 2907 1081 2966 ἐκ
1103 2912 1158 2967 this
1185 2919 1328 2983 argument
1349 2913 1452 2967 carried

410 2982 645 3050 Tertulliansays:
659 2975 906 3045 Idouotcertainly
955 2999 1266 3054 outdegrwmmyyp,
1293 2997 1396 3053 Lucia„
1406 3006 1451 3053 100

409 3070 479 3139 keep
490 3086 561 3139 your
570 3065 677 3122 festival
687 3065 726 3134 by
739 3081 756 3118 a
770 3062 829 3118 cold
840 3061 906 3116 bath
954 3083 984 3136 in
1010 3083 1133 3154 Nigrino,
1157 3099 1178 3138 1,
1205 3103 1232 3154 Ρ,
1254 3087 1297 3138 54,
1319 3084 1361 3138 «ι,
1389 3083 1452 3154 Βῑρι

409 3157 439 3212 in
461 3155 508 3210 tha
528 3153 629 3208 middle
648 3151 680 3206 of
695 3151 800 3214 winter,
819 3147 862 3202 for
883 3148 907 3202 it
955 3168 1062 3250 ᾐτιᾶτο

408 3240 559 3398 3:11?ng
560 3234 826 3392 lthffkgymlzstmffl
826 3233 910 3374 thaz‘}
953 3265 991 3338 μή
1004 3267 1082 3324 ἴσασι
1096 3267 1149 3324 τοῦ
1167 3264 1311 3345 στεφάνου
1330 3265 1382 3324 τᾶν
1399 3263 1452 3322 τό·

408 3409 700 3469 fflfflmfflm

460 3495 816 3565 ‘supremamcoeuanttboa
857 3490 905 3544 See
962 3551 1157 3578 muro
1263 3552 1268 3571 ³
1319 3555 1338 3573 “V
1378 3550 1439 3570 Η

408 3583 456 3640 the
467 3586 673 3638 commentatore
684 3595 720 3633 on
732 3577 797 3632 dur.
809 3596 848 3632 xr.
862 3579 905 3631 20.
954 3573 1008 3610 m
1016 3566 1244 3633 ‘sttpffltlsslww
1255 3577 1453 3634 expavescam

409 3669 462 3725 and
483 3668 531 3723 the
554 3667 649 3737 saying
670 3665 702 3720 ol
720 3664 854 3733 Diogenes
876 3663 906 3716 in
955 3647 1123 3725 στέφεσθαι.
1166 3650 1211 3704 On
1230 3648 1277 3704 the
1297 3649 1453 3718 expression

408 3773 432 3810 c.
443 3757 487 3820 39,
503 3753 555 3807 and
571 3768 694 3820 corripere
707 3757 752 3804 too
767 3767 784 3804 a
797 3749 905 3803 curicus
954 3747 1073 3799 uommue
1083 3762 1127 3799 see
1140 3743 1174 3798 ad
1185 3743 1232 3796 fin.
1243 3760 1266 3796 c.
1280 3743 1322 3796 38.

408 3839 559 3910 chapterol
564 3837 721 3907 Liryxxvr.
730 3839 773 3900 14,
782 3833 905 3903 together
1003 3829 1092 3884 lThe
1101 3847 1174 3884 same
1183 3827 1359 3896 complainti's
1368 3825 1451 3896 urged

408 3925 476 3981 with
488 3924 599 3978 Tacitus
611 3919 696 3993 (Anu.
714 3939 745 3975 11.
760 3917 827 3989 31.),
843 3918 904 3973 who
953 3917 990 3987 by
1013 3916 1094 3986 Pliny
1120 3921 1148 3969 to
1175 3913 1277 3982 Trajan
1289 3931 1298 3979 ;
1327 3913 1377 3967 but
1403 3911 1452 3967 the

407 4009 539 4082 speaking
551 4008 582 4062 of
595 4007 641 4062 the
658 4004 827 4060 remarkable
844 4020 906 4072 pro·
953 4003 1073 4074 peculiar
1102 4002 1183 4061 satire
1214 3999 1246 4054 of
1277 3997 1452 4053 Tertullian'a

407 4098 531 4166 readings
542 4091 674 4148 in.Libo’s
688 4109 756 4155 case,
768 4107 829 4158 says
845 4089 905 4143 that
954 4089 1032 4158 reply
1048 4089 1071 4142 ie
1088 4085 1176 4140 worth
1192 4085 1320 4154 noticing.
1384 4082 1386 4090 '

407 4185 455 4240 the
471 4181 583 4238 accused
602 4182 665 4247 ipris
684 4195 750 4246 pace
768 4179 799 4229 ia
821 4179 906 4230 moia-
1005 4171 1194 4240 ’decoquam
1223 4173 1283 4224 ‘are
1303 4169 1452 4239 dwindling

406 4274 501 4324 dmum
512 4269 664 4335 voluptatem
680 4265 831 4317 adhibuerat
844 4279 906 4330 epu-
953 4258 1048 4328 away!
1093 4257 1162 4310 This
1192 4257 1215 4310 ia
1247 4255 1386 4324 generally
1416 4273 1453 4310 an

406 4359 440 4409 Its
456 4356 622 4410 mencietur
635 4348 766 4418 implored
779 4347 860 4402 death
876 4354 905 4402 at
953 4347 1039 4401 active
1059 4343 1133 4409 verb,
1153 4343 1204 4397 but
1223 4343 1246 4397 it
1262 4343 1286 4397 is
1302 4339 1368 4396 used
1384 4359 1452 4396 neu-

406 4441 454 4496 tbe
472 4439 557 4494 hands
576 4431 607 4492 of
625 4435 668 4490 his
688 4431 790 4500 slaves3
816 4436 905 4488 abacti
953 4430 1035 4502 trally
1050 4430 1087 4498 by
1104 4429 1202 4484 Seneca
1219 4429 1273 4484 and
1289 4427 1326 4498 by
1345 4427 1451 4492 Florus,

407 4541 499 4580 means
522 4526 550 4578 in
573 4539 646 4576 some
669 4520 744 4590 place
764 4538 795 4573 or
817 4520 904 4584 other,
954 4512 1174 4590 (Prooem.extr.)
1183 4514 1271 4570 where
1281 4533 1324 4568 see
1333 4513 1379 4568 the
1389 4514 1452 4566 sub-

1083 3171 1140 3230 redu
1160 3167 1392 3248 στεφανουμένων
1404 3169 1452 3229 ὅτι

954 3387 1018 3420 πον.
1040 3369 1063 3420 sl
1081 3360 1137 3442 'ydp
1156 3387 1212 3433 ror,
1235 3361 1300 3440 ἔφη,
1323 3365 1360 3442 τῇ
1380 3363 1453 3431 acori

955 3464 1011 3515 rado
1022 3459 1068 3514 lma
1085 3481 1119 3514 τε
1138 3458 1182 3514 καὶ
1198 3457 1286 3538 ρὸδων
1299 3461 1452 3538 χαίρουσιν
