<?xml version="1.0" encoding="UTF-8"?>
<!DOCTYPE html PUBLIC "-//W3C//DTD XHTML 1.0 Transitional//EN"
    "http://www.w3.org/TR/xhtml1/DTD/xhtml1-transitional.dtd">
<html xmlns="http://www.w3.org/1999/xhtml" xml:lang="en" lang="en">
 <head>
  <title>
</title>
<meta http-equiv="Content-Type" content="text/html;charset=utf-8" />
  <meta name='ocr-system' content='tesseract 3.04.00' />
  <meta name='ocr-capabilities' content='ocr_page ocr_carea ocr_par ocr_line ocrx_word'/>
</head>
<body>
  <div class='ocr_page' id='page_1' title='image "./qsftertullianil00tertgoog_0098.png"; bbox 0 0 3306 5176; ppageno 0'>
   <div class='ocr_carea' id='block_1_1' title="bbox 520 367 1257 440">
    <p class='ocr_par' dir='ltr' id='par_1_1' title="bbox 520 367 1257 440">
     <span class='ocr_line' id='line_1_1' title="bbox 520 367 1257 440; baseline -0.007 -2"><span class='ocrx_word' id='word_1_1' title='bbox 520 389 637 439; x_wconf 79' lang='lat' dir='ltr'><strong>maan</strong></span> <span class='ocrx_word' id='word_1_2' title='bbox 664 387 970 440; x_wconf 78' lang='lat' dir='ltr'><strong>arenosavrcus.</strong></span> <span class='ocrx_word' id='word_1_3' title='bbox 1210 367 1257 434; x_wconf 80' lang='lat'><strong>23</strong></span> 
     </span>
    </p>
   </div>
   <div class='ocr_carea' id='block_1_2' title="bbox 214 569 1420 3047">
    <p class='ocr_par' dir='ltr' id='par_1_2' title="bbox 214 569 1380 2670">
     <span class='ocr_line' id='line_1_2' title="bbox 216 569 1380 686; baseline -0.003 -42"><span class='ocrx_word' id='word_1_4' title='bbox 216 575 397 646; x_wconf 89' lang='lat' dir='ltr'><strong>veneratio</strong></span> <span class='ocrx_word' id='word_1_5' title='bbox 413 574 604 668; x_wconf 87' lang='lat' dir='ltr'><strong>majoribus</strong></span> <span class='ocrx_word' id='word_1_6' title='bbox 624 573 744 646; x_wconf 88' lang='lat' dir='ltr'><strong>debita</strong></span> <span class='ocrx_word' id='word_1_7' title='bbox 765 573 926 646; x_wconf 86' lang='lat' dir='ltr'><strong>avobis?</strong></span> <span class='ocrx_word' id='word_1_8' title='bbox 981 571 1131 686; x_wconf 88' lang='lat' dir='ltr'><strong>Habitu,</strong></span> <span class='ocrx_word' id='word_1_9' title='bbox 1148 569 1256 653; x_wconf 92' lang='lat' dir='ltr'><strong>victu,</strong></span> <span class='ocrx_word' id='word_1_10' title='bbox 1304 571 1380 680; x_wconf 54' lang='lat'><strong>031?</strong></span> 
     </span>
     <span class='ocr_line' id='line_1_3' title="bbox 217 695 1412 796; baseline -0.005 -24"><span class='ocrx_word' id='word_1_11' title='bbox 217 698 407 781; x_wconf 90' lang='lat' dir='ltr'><strong>instructu,</strong></span> <span class='ocrx_word' id='word_1_12' title='bbox 434 723 549 782; x_wconf 91' lang='lat' dir='ltr'><strong>sensu,</strong></span> <span class='ocrx_word' id='word_1_13' title='bbox 580 700 656 796; x_wconf 91' lang='lat' dir='ltr'><strong>ipso</strong></span> <span class='ocrx_word' id='word_1_14' title='bbox 679 697 833 794; x_wconf 90' lang='lat' dir='ltr'><strong>denique</strong></span> <span class='ocrx_word' id='word_1_15' title='bbox 859 721 1017 770; x_wconf 87' lang='lat' dir='ltr'><strong>sermone</strong></span> <span class='ocrx_word' id='word_1_16' title='bbox 1041 695 1179 793; x_wconf 88' lang='lat' dir='ltr'><strong>proavis</strong></span> <span class='ocrx_word' id='word_1_17' title='bbox 1204 717 1412 767; x_wconf 59' lang='lat' dir='ltr'><strong>re*-</strong></span> 
     </span>
     <span class='ocr_line' id='line_1_4' title="bbox 216 821 1257 918; baseline 0 -26"><span class='ocrx_word' id='word_1_18' title='bbox 216 823 419 894; x_wconf 81' lang='lat' dir='ltr'><strong>nuntiastis.</strong></span> <span class='ocrx_word' id='word_1_19' title='bbox 469 821 646 895; x_wconf 84' lang='lat' dir='ltr'><strong>Laudatis</strong></span> <span class='ocrx_word' id='word_1_20' title='bbox 667 846 803 918; x_wconf 86' lang='lat' dir='ltr'>semper</span> <span class='ocrx_word' id='word_1_21' title='bbox 823 821 1086 916; x_wconf 88' lang='lat' dir='ltr'><strong>antiquitatem,</strong></span> <span class='ocrx_word' id='word_1_22' title='bbox 1111 830 1148 891; x_wconf 90' lang='lat' dir='ltr'><strong>et</strong></span> <span class='ocrx_word' id='word_1_23' title='bbox 1167 843 1257 892; x_wconf 88' lang='lat' dir='ltr'><strong>nove</strong></span> 
     </span>
     <span class='ocr_line' id='line_1_5' title="bbox 217 943 1257 1042; baseline -0.003 -24"><span class='ocrx_word' id='word_1_24' title='bbox 217 945 261 1018; x_wconf 87' lang='lat' dir='ltr'><strong>de</strong></span> <span class='ocrx_word' id='word_1_25' title='bbox 286 945 344 1018; x_wconf 87' lang='lat' dir='ltr'><strong>die</strong></span> <span class='ocrx_word' id='word_1_26' title='bbox 367 947 498 1018; x_wconf 91' lang='lat' dir='ltr'><strong>vivitis.</strong></span> <span class='ocrx_word' id='word_1_27' title='bbox 550 947 620 1019; x_wconf 89' lang='lat' dir='ltr'><strong>Per</strong></span> <span class='ocrx_word' id='word_1_28' title='bbox 645 945 739 1042; x_wconf 92' lang='lat' dir='ltr'><strong>quod</strong></span> <span class='ocrx_word' id='word_1_29' title='bbox 762 944 972 1028; x_wconf 85' lang='lat' dir='ltr'><strong>ostenditur,</strong></span> <span class='ocrx_word' id='word_1_30' title='bbox 999 944 1084 1016; x_wconf 93' lang='lat' dir='ltr'><strong>dum</strong></span> <span class='ocrx_word' id='word_1_31' title='bbox 1112 943 1257 1016; x_wconf 90' lang='lat' dir='ltr'><strong>abonis</strong></span> 
     </span>
     <span class='ocr_line' id='line_1_6' title="bbox 215 1071 1257 1168; baseline -0.001 -24"><span class='ocrx_word' id='word_1_32' title='bbox 215 1077 387 1168; x_wconf 88' lang='lat' dir='ltr'><strong>majorum</strong></span> <span class='ocrx_word' id='word_1_33' title='bbox 422 1074 602 1146; x_wconf 79' lang='lat' dir='ltr'><strong>institutis</strong></span> <span class='ocrx_word' id='word_1_34' title='bbox 644 1073 826 1157; x_wconf 85' lang='lat' dir='ltr'><strong>deceditis,</strong></span> <span class='ocrx_word' id='word_1_35' title='bbox 865 1098 907 1144; x_wconf 91' lang='lat' dir='ltr'><strong>ea</strong></span> <span class='ocrx_word' id='word_1_36' title='bbox 945 1095 1005 1144; x_wconf 91' lang='lat' dir='ltr'><strong>vos</strong></span> <span class='ocrx_word' id='word_1_37' title='bbox 1035 1071 1188 1144; x_wconf 88' lang='lat' dir='ltr'><strong>retinere</strong></span> <span class='ocrx_word' id='word_1_38' title='bbox 1220 1085 1257 1143; x_wconf 91' lang='lat' dir='ltr'><strong>et</strong></span> 
     </span>
     <span class='ocr_line' id='line_1_7' title="bbox 216 1193 1257 1295; baseline -0.002 -25"><span class='ocrx_word' id='word_1_39' title='bbox 216 1199 402 1284; x_wconf 88' lang='lat' dir='ltr'><strong>custodire,</strong></span> <span class='ocrx_word' id='word_1_40' title='bbox 437 1225 515 1295; x_wconf 84' lang='lat' dir='ltr'><strong>quae</strong></span> <span class='ocrx_word' id='word_1_41' title='bbox 547 1225 617 1272; x_wconf 92' lang='lat' dir='ltr'><strong>non</strong></span> <span class='ocrx_word' id='word_1_42' title='bbox 651 1199 835 1284; x_wconf 88' lang='lat' dir='ltr'><strong>debuistis,</strong></span> <span class='ocrx_word' id='word_1_43' title='bbox 870 1223 948 1270; x_wconf 88' lang='lat' dir='ltr'><strong>oum</strong></span> <span class='ocrx_word' id='word_1_44' title='bbox 980 1222 1057 1294; x_wconf 86' lang='lat' dir='ltr'><strong>quae</strong></span> <span class='ocrx_word' id='word_1_45' title='bbox 1085 1193 1257 1269; x_wconf 90' lang='lat' dir='ltr'><strong>debuistis</strong></span> 
     </span>
     <span class='ocr_line' id='line_1_8' title="bbox 216 1322 1257 1421; baseline -0.003 -25"><span class='ocrx_word' id='word_1_46' title='bbox 216 1349 285 1396; x_wconf 92' lang='lat' dir='ltr'><strong>non</strong></span> <span class='ocrx_word' id='word_1_47' title='bbox 309 1323 522 1396; x_wconf 88' lang='lat' dir='ltr'><strong>custodistis.</strong></span> <span class='ocrx_word' id='word_1_48' title='bbox 576 1325 699 1419; x_wconf 92' lang='lat' dir='ltr'><strong>Ipsum</strong></span> <span class='ocrx_word' id='word_1_49' title='bbox 723 1322 839 1397; x_wconf 90' lang='lat' dir='ltr'><strong>adhuc</strong></span> <span class='ocrx_word' id='word_1_50' title='bbox 863 1322 956 1421; x_wconf 91' lang='lat' dir='ltr'><strong>quod</strong></span> <span class='ocrx_word' id='word_1_51' title='bbox 978 1322 1149 1394; x_wconf 90' lang='lat' dir='ltr'><strong>videmini</strong></span> <span class='ocrx_word' id='word_1_52' title='bbox 1172 1322 1257 1395; x_wconf 88' lang='lat' dir='ltr'><strong>fide-</strong></span> 
     </span>
     <span class='ocr_line' id='line_1_9' title="bbox 215 1447 1257 1545; baseline 0 -27"><span class='ocrx_word' id='word_1_53' title='bbox 215 1447 348 1520; x_wconf 90' lang='lat' dir='ltr'><strong>lissime</strong></span> <span class='ocrx_word' id='word_1_54' title='bbox 371 1449 465 1520; x_wconf 91' lang='lat' dir='ltr'><strong>tueri</strong></span> <span class='ocrx_word' id='word_1_55' title='bbox 502 1474 523 1520; x_wconf 90' lang='lat' dir='ltr'><strong>a</strong></span> <span class='ocrx_word' id='word_1_56' title='bbox 552 1449 712 1545; x_wconf 86' lang='lat' dir='ltr'><strong>patribus</strong></span> <span class='ocrx_word' id='word_1_57' title='bbox 743 1448 928 1532; x_wconf 90' lang='lat' dir='ltr'><strong>traditum,</strong></span> <span class='ocrx_word' id='word_1_58' title='bbox 961 1449 997 1519; x_wconf 90' lang='lat' dir='ltr'><strong>in</strong></span> <span class='ocrx_word' id='word_1_59' title='bbox 1028 1473 1097 1545; x_wconf 95' lang='lat' dir='ltr'><strong>quo</strong></span> <span class='ocrx_word' id='word_1_60' title='bbox 1127 1447 1257 1543; x_wconf 91' lang='lat' dir='ltr'><strong>princi-</strong></span> 
     </span>
     <span class='ocr_line' id='line_1_10' title="bbox 215 1571 1256 1669; baseline -0.002 -25"><span class='ocrx_word' id='word_1_61' title='bbox 215 1573 345 1669; x_wconf 88' lang='lat' dir='ltr'><strong>paliter</strong></span> <span class='ocrx_word' id='word_1_62' title='bbox 367 1597 443 1645; x_wconf 91' lang='lat' dir='ltr'><strong>reos</strong></span> <span class='ocrx_word' id='word_1_63' title='bbox 472 1574 758 1668; x_wconf 84' lang='lat' dir='ltr'><strong>transgressionis</strong></span> <span class='ocrx_word' id='word_1_64' title='bbox 782 1571 1001 1645; x_wconf 83' lang='lat' dir='ltr'><strong>Christianos</strong></span> <span class='ocrx_word' id='word_1_65' title='bbox 1031 1571 1256 1655; x_wconf 89' lang='lat' dir='ltr'><strong>destinatis¹⁰,</strong></span> 
     </span>
     <span class='ocr_line' id='line_1_11' title="bbox 215 1697 1257 1793; baseline -0.002 -23"><span class='ocrx_word' id='word_1_66' title='bbox 215 1699 375 1772; x_wconf 88' lang='lat' dir='ltr'><strong>studium</strong></span> <span class='ocrx_word' id='word_1_67' title='bbox 400 1699 478 1770; x_wconf 90' lang='lat' dir='ltr'><strong>dico</strong></span> <span class='ocrx_word' id='word_1_68' title='bbox 505 1698 649 1771; x_wconf 92' lang='lat' dir='ltr'><strong>deorum</strong></span> <span class='ocrx_word' id='word_1_69' title='bbox 676 1698 913 1782; x_wconf 85' lang='lat' dir='ltr'><strong>colendorum,</strong></span> <span class='ocrx_word' id='word_1_70' title='bbox 940 1697 984 1770; x_wconf 91' lang='lat' dir='ltr'><strong>de</strong></span> <span class='ocrx_word' id='word_1_71' title='bbox 1010 1723 1080 1793; x_wconf 92' lang='lat' dir='ltr'><strong>quo</strong></span> <span class='ocrx_word' id='word_1_72' title='bbox 1102 1698 1257 1768; x_wconf 87' lang='lat' dir='ltr'><strong>maxime</strong></span> 
     </span>
     <span class='ocr_line' id='line_1_12' title="bbox 215 1821 1257 1920; baseline -0.001 -24"><span class='ocrx_word' id='word_1_73' title='bbox 215 1825 345 1896; x_wconf 89' lang='lat' dir='ltr'><strong>erravit</strong></span> <span class='ocrx_word' id='word_1_74' title='bbox 371 1821 580 1920; x_wconf 85' lang='lat' dir='ltr'><strong>antiquitas,</strong></span> <span class='ocrx_word' id='word_1_75' title='bbox 604 1823 690 1896; x_wconf 91' lang='lat' dir='ltr'><strong>licet</strong></span> <span class='ocrx_word' id='word_1_76' title='bbox 711 1821 874 1920; x_wconf 84' lang='lat' dir='ltr'><strong>Serapidi</strong></span> <span class='ocrx_word' id='word_1_77' title='bbox 893 1826 969 1919; x_wconf 86' lang='lat' dir='ltr'><strong>jam</strong></span> <span class='ocrx_word' id='word_1_78' title='bbox 995 1823 1157 1896; x_wconf 92' lang='lat' dir='ltr'><strong>Romano</strong></span> <span class='ocrx_word' id='word_1_79' title='bbox 1181 1849 1257 1895; x_wconf 91' lang='lat' dir='ltr'><strong>aras</strong></span> 
     </span>
     <span class='ocr_line' id='line_1_13' title="bbox 214 1947 1257 2044; baseline 0 -24"><span class='ocrx_word' id='word_1_80' title='bbox 214 1949 466 2033; x_wconf 85' lang='lat' dir='ltr'><strong>restruxeritis,</strong></span> <span class='ocrx_word' id='word_1_81' title='bbox 484 1949 569 2022; x_wconf 88' lang='lat' dir='ltr'><strong>licet</strong></span> <span class='ocrx_word' id='word_1_82' title='bbox 589 1947 729 2022; x_wconf 89' lang='lat' dir='ltr'><strong>Baccho</strong></span> <span class='ocrx_word' id='word_1_83' title='bbox 748 1951 825 2044; x_wconf 88' lang='lat' dir='ltr'><strong>jam</strong></span> <span class='ocrx_word' id='word_1_84' title='bbox 847 1948 975 2022; x_wconf 91' lang='lat' dir='ltr'><strong>Italico</strong></span> <span class='ocrx_word' id='word_1_85' title='bbox 995 1948 1104 2021; x_wconf 89' lang='lat' dir='ltr'><strong>furias</strong></span> <span class='ocrx_word' id='word_1_86' title='bbox 1125 1959 1257 2021; x_wconf 90' lang='lat' dir='ltr'><strong>vestras</strong></span> 
     </span>
     <span class='ocr_line' id='line_1_14' title="bbox 215 2073 1257 2171; baseline -0.002 -25"><span class='ocrx_word' id='word_1_87' title='bbox 215 2075 494 2160; x_wconf 88' lang='lat' dir='ltr'><strong>immolaveritis,</strong></span> <span class='ocrx_word' id='word_1_88' title='bbox 526 2100 588 2147; x_wconf 91' lang='lat' dir='ltr'><strong>suo</strong></span> <span class='ocrx_word' id='word_1_89' title='bbox 614 2075 691 2148; x_wconf 92' lang='lat' dir='ltr'><strong>loco</strong></span> <span class='ocrx_word' id='word_1_90' title='bbox 716 2075 899 2148; x_wconf 86' lang='lat' dir='ltr'><strong>ostendam</strong></span> <span class='ocrx_word' id='word_1_91' title='bbox 924 2073 1100 2171; x_wconf 91' lang='lat' dir='ltr'><strong>proinde¹¹</strong></span> <span class='ocrx_word' id='word_1_92' title='bbox 1125 2073 1257 2171; x_wconf 82' lang='lat' dir='ltr'><strong>despici</strong></span> 
     </span>
     <span class='ocr_line' id='line_1_15' title="bbox 216 2198 1257 2296; baseline -0.004 -24"><span class='ocrx_word' id='word_1_93' title='bbox 216 2211 253 2272; x_wconf 89' lang='lat' dir='ltr'><strong>et</strong></span> <span class='ocrx_word' id='word_1_94' title='bbox 283 2199 420 2296; x_wconf 85' lang='lat' dir='ltr'><strong>negligi</strong></span> <span class='ocrx_word' id='word_1_95' title='bbox 453 2215 489 2272; x_wconf 90' lang='lat' dir='ltr'><strong>et</strong></span> <span class='ocrx_word' id='word_1_96' title='bbox 523 2198 659 2272; x_wconf 84' lang='lat' dir='ltr'><strong>destrui</strong></span> <span class='ocrx_word' id='word_1_97' title='bbox 693 2226 714 2271; x_wconf 93' lang='lat' dir='ltr'><strong>a</strong></span> <span class='ocrx_word' id='word_1_98' title='bbox 745 2201 844 2272; x_wconf 91' lang='lat' dir='ltr'><strong>vobis</strong></span> <span class='ocrx_word' id='word_1_99' title='bbox 880 2199 1047 2272; x_wconf 87' lang='lat' dir='ltr'><strong>adversus</strong></span> <span class='ocrx_word' id='word_1_100' title='bbox 1083 2202 1257 2294; x_wconf 88' lang='lat' dir='ltr'><strong>majorum</strong></span> 
     </span>
     <span class='ocr_line' id='line_1_16' title="bbox 216 2321 1256 2398; baseline -0.004 -1"><span class='ocrx_word' id='word_1_101' title='bbox 216 2327 475 2398; x_wconf 88' lang='lat' dir='ltr'><strong>auctoritatem.</strong></span> <span class='ocrx_word' id='word_1_102' title='bbox 545 2321 654 2396; x_wconf 93' lang='lat' dir='ltr'><strong>Nunc</strong></span> <span class='ocrx_word' id='word_1_103' title='bbox 693 2326 788 2397; x_wconf 86' lang='lat' dir='ltr'><strong>eninr</strong></span> <span class='ocrx_word' id='word_1_104' title='bbox 826 2325 871 2398; x_wconf 91' lang='lat' dir='ltr'><strong>ad</strong></span> <span class='ocrx_word' id='word_1_105' title='bbox 905 2323 1005 2396; x_wconf 89' lang='lat' dir='ltr'><strong>illam</strong></span> <span class='ocrx_word' id='word_1_106' title='bbox 1041 2322 1256 2396; x_wconf 89' lang='lat' dir='ltr'><strong>occultorum</strong></span> 
     </span>
     <span class='ocr_line' id='line_1_17' title="bbox 216 2439 1257 2548; baseline -0.003 -25"><span class='ocrx_word' id='word_1_107' title='bbox 216 2439 412 2526; x_wconf 85' lang='lat' dir='ltr'><strong>facinorum</strong></span> <span class='ocrx_word' id='word_1_108' title='bbox 438 2447 623 2523; x_wconf 86' lang='lat' dir='ltr'><strong>infamiam</strong></span> <span class='ocrx_word' id='word_1_109' title='bbox 650 2451 878 2548; x_wconf 88' lang='lat' dir='ltr'><strong>respondebo,</strong></span> <span class='ocrx_word' id='word_1_110' title='bbox 909 2461 951 2522; x_wconf 94' lang='lat' dir='ltr'><strong>ut</strong></span> <span class='ocrx_word' id='word_1_111' title='bbox 977 2451 1069 2525; x_wconf 89' lang='lat' dir='ltr'><strong>viam</strong></span> <span class='ocrx_word' id='word_1_112' title='bbox 1096 2447 1187 2522; x_wconf 93' lang='lat' dir='ltr'><strong>mihi</strong></span> <span class='ocrx_word' id='word_1_113' title='bbox 1212 2447 1257 2522; x_wconf 91' lang='lat' dir='ltr'><strong>ad</strong></span> 
     </span>
     <span class='ocr_line' id='line_1_18' title="bbox 216 2572 641 2670; baseline 0.002 -25"><span class='ocrx_word' id='word_1_114' title='bbox 216 2572 457 2647; x_wconf 88' lang='lat' dir='ltr'><strong>manifestiora</strong></span> <span class='ocrx_word' id='word_1_115' title='bbox 479 2599 641 2670; x_wconf 87' lang='lat' dir='ltr'><strong>purgem.</strong></span> 
     </span>
    </p>

    <p class='ocr_par' dir='ltr' id='par_1_3' title="bbox 215 2695 1420 3047">
     <span class='ocr_line' id='line_1_19' title="bbox 283 2695 1420 2814; baseline -0.001 -41"><span class='ocrx_word' id='word_1_116' title='bbox 283 2699 374 2773; x_wconf 89' lang='lat' dir='ltr'><strong>VII.</strong></span> <span class='ocrx_word' id='word_1_117' title='bbox 419 2695 603 2770; x_wconf 90' lang='lat' dir='ltr'><strong>Dicimur¹</strong></span> <span class='ocrx_word' id='word_1_118' title='bbox 626 2699 886 2772; x_wconf 89' lang='lat' dir='ltr'><strong>sceleratissimi</strong></span> <span class='ocrx_word' id='word_1_119' title='bbox 904 2700 949 2773; x_wconf 92' lang='lat' dir='ltr'><strong>de</strong></span> <span class='ocrx_word' id='word_1_120' title='bbox 970 2710 1186 2774; x_wconf 88' lang='lat' dir='ltr'><strong>sacramento</strong></span> <span class='ocrx_word' id='word_1_121' title='bbox 1203 2701 1258 2772; x_wconf 90' lang='lat' dir='ltr'><strong>in·</strong></span> <span class='ocrx_word' id='word_1_122' title='bbox 1243 2709 1309 2814; x_wconf 57' lang='lat' dir='ltr'><strong>ll</strong></span> <span class='ocrx_word' id='word_1_123' title='bbox 1315 2714 1420 2813; x_wconf 48' lang='lat' dir='ltr'><strong>{2212pr</strong></span> 
     </span>
     <span class='ocr_line' id='line_1_20' title="bbox 215 2823 1418 2932; baseline 0.001 -35"><span class='ocrx_word' id='word_1_124' title='bbox 215 2823 407 2910; x_wconf 89' lang='lat' dir='ltr'><strong>fanticidii,</strong></span> <span class='ocrx_word' id='word_1_125' title='bbox 432 2836 469 2898; x_wconf 93' lang='lat' dir='ltr'><strong>et</strong></span> <span class='ocrx_word' id='word_1_126' title='bbox 485 2824 615 2922; x_wconf 91' lang='lat' dir='ltr'><strong>pabulo</strong></span> <span class='ocrx_word' id='word_1_127' title='bbox 633 2825 728 2911; x_wconf 90' lang='lat' dir='ltr'><strong>inde,</strong></span> <span class='ocrx_word' id='word_1_128' title='bbox 745 2837 876 2924; x_wconf 90' lang='lat' dir='ltr'><strong>etpost</strong></span> <span class='ocrx_word' id='word_1_129' title='bbox 894 2827 1093 2900; x_wconf 89' lang='lat' dir='ltr'><strong>convivium</strong></span> <span class='ocrx_word' id='word_1_130' title='bbox 1110 2827 1284 2932; x_wconf 89' lang='lat' dir='ltr'><strong>incesto,b</strong></span> <span class='ocrx_word' id='word_1_131' title='bbox 1269 2826 1418 2894; x_wconf 57' lang='grc'>7177877177</span> 
     </span>
     <span class='ocr_line' id='line_1_21' title="bbox 216 2943 1405 3047; baseline -0.001 -25"><span class='ocrx_word' id='word_1_132' title='bbox 216 2951 311 3047; x_wconf 91' lang='lat' dir='ltr'><strong>quod</strong></span> <span class='ocrx_word' id='word_1_133' title='bbox 335 2974 507 3024; x_wconf 88' lang='lat' dir='ltr'><strong>eversores</strong></span> <span class='ocrx_word' id='word_1_134' title='bbox 531 2950 708 3024; x_wconf 89' lang='lat' dir='ltr'><strong>luminum</strong></span> <span class='ocrx_word' id='word_1_135' title='bbox 732 2976 845 3036; x_wconf 90' lang='lat' dir='ltr'><strong>canes,</strong></span> <span class='ocrx_word' id='word_1_136' title='bbox 866 2951 1009 3024; x_wconf 89' lang='lat' dir='ltr'><strong>lenones</strong></span> <span class='ocrx_word' id='word_1_137' title='bbox 1033 2951 1178 3036; x_wconf 91' lang='lat' dir='ltr'><strong>scilicet,</strong></span> <span class='ocrx_word' id='word_1_138' title='bbox 1204 2961 1298 3022; x_wconf 90' lang='lat' dir='ltr'><strong>te·</strong></span> <span class='ocrx_word' id='word_1_139' title='bbox 1269 2885 1405 3002; x_wconf 49' lang='grc'>77777777·</span> 
     </span>
    </p>
   </div>
   <div class='ocr_carea' id='block_1_3' title="bbox 1270 3002 1394 3058">
    <p class='ocr_par' dir='ltr' id='par_1_4' title="bbox 1270 3002 1394 3058">
     <span class='ocr_line' id='line_1_22' title="bbox 1270 3002 1394 3058; baseline 0 -10"><span class='ocrx_word' id='word_1_140' title='bbox 1270 3002 1338 3049; x_wconf 85' lang='lat' dir='ltr'><strong>Have</strong></span> <span class='ocrx_word' id='word_1_141' title='bbox 1348 3017 1394 3058; x_wconf 83' lang='lat' dir='ltr'><strong>you</strong></span> 
     </span>
    </p>
   </div>
   <div class='ocr_carea' id='block_1_4' title="bbox 215 3074 1303 3172">
    <p class='ocr_par' dir='ltr' id='par_1_5' title="bbox 215 3074 1303 3172">
     <span class='ocr_line' id='line_1_23' title="bbox 215 3074 1303 3172; baseline -0.003 -25"><span class='ocrx_word' id='word_1_142' title='bbox 215 3076 404 3148; x_wconf 89' lang='lat' dir='ltr'><strong>nebrarum</strong></span> <span class='ocrx_word' id='word_1_143' title='bbox 430 3085 467 3147; x_wconf 90' lang='lat' dir='ltr'><strong>et</strong></span> <span class='ocrx_word' id='word_1_144' title='bbox 489 3074 712 3147; x_wconf 90' lang='lat' dir='ltr'><strong>libidinum</strong></span> <span class='ocrx_word' id='word_1_145' title='bbox 702 3077 892 3172; x_wconf 86' lang='lat' dir='ltr'><strong>rmpiarum</strong></span> <span class='ocrx_word' id='word_1_146' title='bbox 911 3074 1161 3148; x_wconf 89' lang='lat' dir='ltr'><strong>inverecundia</strong></span> <span class='ocrx_word' id='word_1_147' title='bbox 1177 3098 1303 3170; x_wconf 87' lang='lat' dir='ltr'><strong>pro--</strong></span> 
     </span>
    </p>
   </div>
   <div class='ocr_carea' id='block_1_5' title="bbox 217 3179 1375 3297">
    <p class='ocr_par' dir='ltr' id='par_1_6' title="bbox 217 3179 1375 3297">
     <span class='ocr_line' id='line_1_24' title="bbox 217 3179 1375 3297; baseline -0.003 -24"><span class='ocrx_word' id='word_1_148' title='bbox 217 3212 351 3274; x_wconf 88' lang='lat' dir='ltr'><strong>curent</strong></span> <span class='ocrx_word' id='word_1_149' title='bbox 403 3199 573 3272; x_wconf 90' lang='lat' dir='ltr'><strong>Dicimur</strong></span> <span class='ocrx_word' id='word_1_150' title='bbox 596 3211 715 3271; x_wconf 92' lang='lat' dir='ltr'><strong>tamen</strong></span> <span class='ocrx_word' id='word_1_151' title='bbox 735 3225 881 3297; x_wconf 86' lang='lat' dir='ltr'><strong>semper,</strong></span> <span class='ocrx_word' id='word_1_152' title='bbox 906 3225 971 3272; x_wconf 89' lang='lat' dir='ltr'><strong>nec</strong></span> <span class='ocrx_word' id='word_1_153' title='bbox 987 3225 1046 3272; x_wconf 93' lang='lat' dir='ltr'><strong>vos</strong></span> <span class='ocrx_word' id='word_1_154' title='bbox 1068 3199 1162 3295; x_wconf 94' lang='lat' dir='ltr'><strong>quod</strong></span> <span class='ocrx_word' id='word_1_155' title='bbox 1183 3209 1258 3272; x_wconf 91' lang='lat' dir='ltr'><strong>tam</strong></span> <span class='ocrx_word' id='word_1_156' title='bbox 1270 3179 1375 3285; x_wconf 58' lang='lat' dir='ltr'><strong>ssssml</strong></span> 
     </span>
    </p>
   </div>
   <div class='ocr_carea' id='block_1_6' title="bbox 217 3324 1258 3422">
    <p class='ocr_par' dir='ltr' id='par_1_7' title="bbox 217 3324 1258 3422">
     <span class='ocr_line' id='line_1_25' title="bbox 217 3324 1258 3422; baseline 0 -26"><span class='ocrx_word' id='word_1_157' title='bbox 217 3324 280 3397; x_wconf 93' lang='lat' dir='ltr'><strong>diu</strong></span> <span class='ocrx_word' id='word_1_158' title='bbox 313 3325 465 3398; x_wconf 89' lang='lat' dir='ltr'><strong>dicimur</strong></span> <span class='ocrx_word' id='word_1_159' title='bbox 491 3349 612 3397; x_wconf 91' lang='lat' dir='ltr'><strong>eruere</strong></span> <span class='ocrx_word' id='word_1_160' title='bbox 646 3325 786 3398; x_wconf 87' lang='lat' dir='ltr'><strong>curatis.</strong></span> <span class='ocrx_word' id='word_1_161' title='bbox 844 3327 944 3422; x_wconf 87' lang='lat' dir='ltr'><strong>Ergo</strong></span> <span class='ocrx_word' id='word_1_162' title='bbox 976 3337 1039 3398; x_wconf 91' lang='lat' dir='ltr'><strong>aut</strong></span> <span class='ocrx_word' id='word_1_163' title='bbox 1068 3326 1193 3408; x_wconf 88' lang='lat' dir='ltr'><strong>eruite,</strong></span> <span class='ocrx_word' id='word_1_164' title='bbox 1229 3325 1258 3397; x_wconf 89' lang='lat' dir='ltr'><strong>si</strong></span> 
     </span>
    </p>
   </div>
   <div class='ocr_carea' id='block_1_7' title="bbox 216 3599 1262 4614">
    <p class='ocr_par' dir='ltr' id='par_1_8' title="bbox 216 3599 1261 3929">
     <span class='ocr_line' id='line_1_26' title="bbox 216 3599 1260 3671; baseline -0.001 -17"><span class='ocrx_word' id='word_1_165' title='bbox 216 3601 362 3656; x_wconf 87' lang='lat' dir='ltr'><strong>derivative</strong></span> <span class='ocrx_word' id='word_1_166' title='bbox 382 3602 414 3656; x_wconf 89' lang='lat' dir='ltr'><strong>of</strong></span> <span class='ocrx_word' id='word_1_167' title='bbox 432 3604 463 3668; x_wconf 89' lang='lat' dir='ltr'><strong>it,</strong></span> <span class='ocrx_word' id='word_1_168' title='bbox 487 3602 536 3656; x_wconf 82' lang='lat' dir='ltr'><strong>has</strong></span> <span class='ocrx_word' id='word_1_169' title='bbox 557 3601 713 3671; x_wconf 85' lang='lat' dir='ltr'><strong>frequently</strong></span> <span class='ocrx_word' id='word_1_170' title='bbox 815 3599 881 3654; x_wconf 92' lang='lat' dir='ltr'>VII.</span> <span class='ocrx_word' id='word_1_171' title='bbox 915 3599 992 3654; x_wconf 90' lang='lat' dir='ltr'><strong>¹We</strong></span> <span class='ocrx_word' id='word_1_172' title='bbox 1019 3617 1064 3655; x_wconf 90' lang='lat' dir='ltr'><strong>are</strong></span> <span class='ocrx_word' id='word_1_173' title='bbox 1088 3599 1172 3654; x_wconf 82' lang='lat' dir='ltr'><strong>called</strong></span> <span class='ocrx_word' id='word_1_174' title='bbox 1196 3600 1260 3654; x_wconf 91' lang='lat' dir='ltr'><strong>mis·</strong></span> 
     </span>
     <span class='ocr_line' id='line_1_27' title="bbox 216 3685 1261 3758; baseline 0 -18"><span class='ocrx_word' id='word_1_175' title='bbox 216 3687 360 3742; x_wconf 79' lang='lat' dir='ltr'><strong>thesemo</strong></span> <span class='ocrx_word' id='word_1_176' title='bbox 383 3687 415 3741; x_wconf 87' lang='lat' dir='ltr'><strong>of</strong></span> <span class='ocrx_word' id='word_1_177' title='bbox 435 3689 583 3758; x_wconf 89' lang='lat' dir='ltr'><strong>bestowing</strong></span> <span class='ocrx_word' id='word_1_178' title='bbox 608 3689 714 3757; x_wconf 86' lang='lat' dir='ltr'><strong>dignity</strong></span> <span class='ocrx_word' id='word_1_179' title='bbox 763 3694 867 3740; x_wconf 83' lang='lat' dir='ltr'><strong>creante</strong></span> <span class='ocrx_word' id='word_1_180' title='bbox 878 3703 913 3740; x_wconf 94' lang='lat' dir='ltr'><strong>on</strong></span> <span class='ocrx_word' id='word_1_181' title='bbox 925 3685 971 3740; x_wconf 88' lang='lat' dir='ltr'><strong>the</strong></span> <span class='ocrx_word' id='word_1_182' title='bbox 984 3704 1057 3740; x_wconf 85' lang='lat' dir='ltr'><strong>acore</strong></span> <span class='ocrx_word' id='word_1_183' title='bbox 1068 3685 1099 3741; x_wconf 90' lang='lat' dir='ltr'><strong>of</strong></span> <span class='ocrx_word' id='word_1_184' title='bbox 1110 3703 1161 3740; x_wconf 91' lang='lat' dir='ltr'><strong>our</strong></span> <span class='ocrx_word' id='word_1_185' title='bbox 1173 3686 1261 3740; x_wconf 86' lang='lat' dir='ltr'><strong>infan-</strong></span> 
     </span>
     <span class='ocr_line' id='line_1_28' title="bbox 217 3772 1261 3842; baseline 0.001 -17"><span class='ocrx_word' id='word_1_186' title='bbox 217 3789 248 3826; x_wconf 86' lang='lat' dir='ltr'><strong>or</strong></span> <span class='ocrx_word' id='word_1_187' title='bbox 264 3773 419 3842; x_wconf 83' lang='lat' dir='ltr'><strong>advantage.</strong></span> <span class='ocrx_word' id='word_1_188' title='bbox 454 3773 496 3827; x_wconf 88' lang='lat' dir='ltr'><strong>Cf.</strong></span> <span class='ocrx_word' id='word_1_189' title='bbox 514 3773 578 3828; x_wconf 80' lang='lat' dir='ltr'><strong>Juv.</strong></span> <span class='ocrx_word' id='word_1_190' title='bbox 598 3791 636 3827; x_wconf 86' lang='lat' dir='ltr'><strong>rx.</strong></span> <span class='ocrx_word' id='word_1_191' title='bbox 652 3777 713 3838; x_wconf 78' lang='lat'><strong>240,</strong></span> <span class='ocrx_word' id='word_1_192' title='bbox 762 3773 855 3826; x_wconf 84' lang='lat' dir='ltr'><strong>ticidal</strong></span> <span class='ocrx_word' id='word_1_193' title='bbox 872 3772 945 3837; x_wconf 88' lang='lat' dir='ltr'><strong>oath,</strong></span> <span class='ocrx_word' id='word_1_194' title='bbox 959 3789 1010 3825; x_wconf 90' lang='lat' dir='ltr'><strong>our</strong></span> <span class='ocrx_word' id='word_1_195' title='bbox 1027 3772 1145 3840; x_wconf 85' lang='lat' dir='ltr'><strong>banquet</strong></span> <span class='ocrx_word' id='word_1_196' title='bbox 1163 3773 1204 3826; x_wconf 84' lang='lat' dir='ltr'><strong>off</strong></span> <span class='ocrx_word' id='word_1_197' title='bbox 1213 3773 1261 3826; x_wconf 90' lang='lat' dir='ltr'><strong>the</strong></span> 
     </span>
     <span class='ocr_line' id='line_1_29' title="bbox 217 3855 1261 3929; baseline 0.003 -20"><span class='ocrx_word' id='word_1_198' title='bbox 217 3861 314 3912; x_wconf 62' lang='lat' dir='ltr'><strong>naso.</strong></span> <span class='ocrx_word' id='word_1_199' title='bbox 350 3859 501 3913; x_wconf 83' lang='lat' dir='ltr'><strong>Socollotto.</strong></span> <span class='ocrx_word' id='word_1_200' title='bbox 764 3859 866 3924; x_wconf 90' lang='lat' dir='ltr'><strong>victim,</strong></span> <span class='ocrx_word' id='word_1_201' title='bbox 880 3855 1031 3929; x_wconf 79' lang='lat' dir='ltr'><strong>(indc)and</strong></span> <span class='ocrx_word' id='word_1_202' title='bbox 1044 3875 1095 3912; x_wconf 93' lang='lat' dir='ltr'><strong>our</strong></span> <span class='ocrx_word' id='word_1_203' title='bbox 1109 3859 1261 3912; x_wconf 78' lang='lat' dir='ltr'><strong>incestuous</strong></span> 
     </span>
    </p>

    <p class='ocr_par' dir='ltr' id='par_1_9' title="bbox 217 3942 1262 4356">
     <span class='ocr_line' id='line_1_30' title="bbox 269 3942 1261 4013; baseline 0 -15"><span class='ocrx_word' id='word_1_204' title='bbox 269 3942 289 3972; x_wconf 83' lang='lat'><strong>¹⁰</strong></span> <span class='ocrx_word' id='word_1_205' title='bbox 299 3947 452 4010; x_wconf 79' lang='lat' dir='ltr'><strong>destinatia3</strong></span> <span class='ocrx_word' id='word_1_206' title='bbox 469 3945 590 4013; x_wconf 70' lang='lat' dir='ltr'><strong>dpinitis,</strong></span> <span class='ocrx_word' id='word_1_207' title='bbox 596 3963 716 4013; x_wconf 81' lang='lat' dir='ltr'><strong>proana-</strong></span> <span class='ocrx_word' id='word_1_208' title='bbox 764 3961 912 3998; x_wconf 76' lang='lat' dir='ltr'><strong>commemo</strong></span> <span class='ocrx_word' id='word_1_209' title='bbox 939 3944 1009 3997; x_wconf 89' lang='lat' dir='ltr'><strong>after</strong></span> <span class='ocrx_word' id='word_1_210' title='bbox 1037 3943 1103 3998; x_wconf 89' lang='lat' dir='ltr'><strong>such</strong></span> <span class='ocrx_word' id='word_1_211' title='bbox 1132 3945 1261 4013; x_wconf 83' lang='lat' dir='ltr'><strong>bouquet,</strong></span> 
     </span>
     <span class='ocr_line' id='line_1_31' title="bbox 220 4029 1262 4099; baseline 0.001 -17"><span class='ocrx_word' id='word_1_212' title='bbox 220 4032 301 4082; x_wconf 80' lang='lat' dir='ltr'><strong>tiotia.</strong></span> <span class='ocrx_word' id='word_1_213' title='bbox 341 4030 397 4084; x_wconf 88' lang='lat' dir='ltr'><strong>Cio.</strong></span> <span class='ocrx_word' id='word_1_214' title='bbox 417 4031 471 4085; x_wconf 86' lang='lat' dir='ltr'><strong>Off.</strong></span> <span class='ocrx_word' id='word_1_215' title='bbox 496 4035 627 4086; x_wconf 76' lang='lat' dir='ltr'><strong>destinare</strong></span> <span class='ocrx_word' id='word_1_216' title='bbox 649 4033 716 4086; x_wconf 78' lang='lat' dir='ltr'><strong>diem</strong></span> <span class='ocrx_word' id='word_1_217' title='bbox 764 4029 854 4084; x_wconf 83' lang='lat' dir='ltr'><strong>which</strong></span> <span class='ocrx_word' id='word_1_218' title='bbox 879 4029 926 4084; x_wconf 93' lang='lat' dir='ltr'><strong>the</strong></span> <span class='ocrx_word' id='word_1_219' title='bbox 955 4029 1020 4099; x_wconf 91' lang='lat' dir='ltr'><strong>dogs</strong></span> <span class='ocrx_word' id='word_1_220' title='bbox 1046 4030 1106 4084; x_wconf 86' lang='lat' dir='ltr'><strong>that</strong></span> <span class='ocrx_word' id='word_1_221' title='bbox 1133 4040 1262 4084; x_wconf 88' lang='lat' dir='ltr'><strong>overturn</strong></span> 
     </span>
     <span class='ocr_line' id='line_1_32' title="bbox 217 4115 1262 4185; baseline 0 -15"><span class='ocrx_word' id='word_1_222' title='bbox 217 4118 305 4180; x_wconf 80' lang='lat' dir='ltr'><strong>necia3</strong></span> <span class='ocrx_word' id='word_1_223' title='bbox 319 4117 372 4169; x_wconf 89' lang='lat' dir='ltr'><strong>and</strong></span> <span class='ocrx_word' id='word_1_224' title='bbox 392 4117 406 4169; x_wconf 95' lang='lat'><strong>1</strong></span> <span class='ocrx_word' id='word_1_225' title='bbox 425 4117 508 4171; x_wconf 88' lang='lat' dir='ltr'><strong>think</strong></span> <span class='ocrx_word' id='word_1_226' title='bbox 528 4117 575 4171; x_wconf 89' lang='lat' dir='ltr'><strong>the</strong></span> <span class='ocrx_word' id='word_1_227' title='bbox 594 4133 669 4170; x_wconf 89' lang='lat' dir='ltr'><strong>sense</strong></span> <span class='ocrx_word' id='word_1_228' title='bbox 686 4117 716 4171; x_wconf 92' lang='lat' dir='ltr'><strong>in</strong></span> <span class='ocrx_word' id='word_1_229' title='bbox 765 4133 815 4169; x_wconf 88' lang='lat' dir='ltr'><strong>our</strong></span> <span class='ocrx_word' id='word_1_230' title='bbox 840 4115 954 4180; x_wconf 86' lang='lat' dir='ltr'><strong>candles,</strong></span> <span class='ocrx_word' id='word_1_231' title='bbox 983 4115 1094 4185; x_wconf 87' lang='lat' dir='ltr'><strong>playing</strong></span> <span class='ocrx_word' id='word_1_232' title='bbox 1123 4116 1169 4170; x_wconf 88' lang='lat' dir='ltr'><strong>the</strong></span> <span class='ocrx_word' id='word_1_233' title='bbox 1201 4123 1262 4185; x_wconf 87' lang='lat' dir='ltr'><strong>part</strong></span> 
     </span>
     <span class='ocr_line' id='line_1_33' title="bbox 217 4201 1262 4271; baseline 0.001 -17"><span class='ocrx_word' id='word_1_234' title='bbox 217 4201 281 4254; x_wconf 86' lang='lat' dir='ltr'><strong>AEn.</strong></span> <span class='ocrx_word' id='word_1_235' title='bbox 289 4218 318 4254; x_wconf 92' lang='lat'><strong>11.</strong></span> <span class='ocrx_word' id='word_1_236' title='bbox 329 4203 388 4267; x_wconf 80' lang='lat'><strong>129,</strong></span> <span class='ocrx_word' id='word_1_237' title='bbox 398 4221 436 4257; x_wconf 86' lang='lat' dir='ltr'><strong>mc</strong></span> <span class='ocrx_word' id='word_1_238' title='bbox 447 4205 558 4257; x_wconf 74' lang='lat' dir='ltr'><strong>dasttam</strong></span> <span class='ocrx_word' id='word_1_239' title='bbox 569 4219 625 4256; x_wconf 79' lang='lat' dir='ltr'><strong>arca</strong></span> <span class='ocrx_word' id='word_1_240' title='bbox 633 4203 657 4256; x_wconf 92' lang='lat' dir='ltr'><strong>is</strong></span> <span class='ocrx_word' id='word_1_241' title='bbox 668 4207 716 4256; x_wconf 93' lang='lat' dir='ltr'><strong>not</strong></span> <span class='ocrx_word' id='word_1_242' title='bbox 765 4202 795 4254; x_wconf 87' lang='lat' dir='ltr'><strong>of</strong></span> <span class='ocrx_word' id='word_1_243' title='bbox 812 4203 902 4270; x_wconf 87' lang='lat' dir='ltr'><strong>pimps</strong></span> <span class='ocrx_word' id='word_1_244' title='bbox 919 4203 941 4256; x_wconf 92' lang='lat' dir='ltr'><strong>it</strong></span> <span class='ocrx_word' id='word_1_245' title='bbox 962 4219 1056 4267; x_wconf 87' lang='lat' dir='ltr'><strong>seems,</strong></span> <span class='ocrx_word' id='word_1_246' title='bbox 1078 4203 1157 4271; x_wconf 88' lang='lat' dir='ltr'><strong>bring</strong></span> <span class='ocrx_word' id='word_1_247' title='bbox 1179 4203 1262 4256; x_wconf 88' lang='lat' dir='ltr'><strong>about</strong></span> 
     </span>
     <span class='ocr_line' id='line_1_34' title="bbox 218 4285 1262 4356; baseline -0.001 -15"><span class='ocrx_word' id='word_1_248' title='bbox 218 4287 325 4341; x_wconf 89' lang='lat' dir='ltr'><strong>‘dooms</strong></span> <span class='ocrx_word' id='word_1_249' title='bbox 335 4285 459 4352; x_wconf 87' lang='lat' dir='ltr'><strong>me&#39;but</strong></span> <span class='ocrx_word' id='word_1_250' title='bbox 471 4289 551 4342; x_wconf 81' lang='lat' dir='ltr'><strong>‘fixe</strong></span> <span class='ocrx_word' id='word_1_251' title='bbox 562 4305 636 4356; x_wconf 90' lang='lat' dir='ltr'><strong>upon</strong></span> <span class='ocrx_word' id='word_1_252' title='bbox 648 4286 708 4341; x_wconf 65' lang='lat' dir='ltr'><strong>me?</strong></span> <span class='ocrx_word' id='word_1_253' title='bbox 764 4287 884 4356; x_wconf 83' lang='lat' dir='ltr'><strong>through</strong></span> <span class='ocrx_word' id='word_1_254' title='bbox 911 4288 959 4341; x_wconf 90' lang='lat' dir='ltr'><strong>the</strong></span> <span class='ocrx_word' id='word_1_255' title='bbox 987 4288 1190 4342; x_wconf 85' lang='lat' dir='ltr'><strong>shamelessness</strong></span> <span class='ocrx_word' id='word_1_256' title='bbox 1216 4305 1262 4340; x_wconf 90' lang='lat' dir='ltr'><strong>en-</strong></span> 
     </span>
    </p>

    <p class='ocr_par' dir='ltr' id='par_1_10' title="bbox 217 4371 1262 4614">
     <span class='ocr_line' id='line_1_35' title="bbox 270 4371 1262 4442; baseline 0 -16"><span class='ocrx_word' id='word_1_257' title='bbox 270 4371 289 4402; x_wconf 82' lang='lat'><strong>¹¹</strong></span> <span class='ocrx_word' id='word_1_258' title='bbox 303 4375 413 4440; x_wconf 80' lang='lat' dir='ltr'><strong>proinde</strong></span> <span class='ocrx_word' id='word_1_259' title='bbox 435 4374 582 4440; x_wconf 71' lang='lat' dir='ltr'><strong>despici-i.</strong></span> <span class='ocrx_word' id='word_1_260' title='bbox 605 4392 627 4427; x_wconf 87' lang='lat' dir='ltr'><strong>e.</strong></span> <span class='ocrx_word' id='word_1_261' title='bbox 652 4381 715 4439; x_wconf 76' lang='lat' dir='ltr'><strong>tona,</strong></span> <span class='ocrx_word' id='word_1_262' title='bbox 765 4373 896 4440; x_wconf 90' lang='lat' dir='ltr'><strong>gendered</strong></span> <span class='ocrx_word' id='word_1_263' title='bbox 921 4375 959 4442; x_wconf 90' lang='lat' dir='ltr'><strong>by</strong></span> <span class='ocrx_word' id='word_1_264' title='bbox 983 4374 1029 4428; x_wconf 90' lang='lat' dir='ltr'><strong>the</strong></span> <span class='ocrx_word' id='word_1_265' title='bbox 1056 4373 1185 4427; x_wconf 86' lang='lat' dir='ltr'><strong>darkness</strong></span> <span class='ocrx_word' id='word_1_266' title='bbox 1209 4373 1262 4426; x_wconf 88' lang='lat' dir='ltr'><strong>and</strong></span> 
     </span>
     <span class='ocr_line' id='line_1_36' title="bbox 217 4458 1262 4528; baseline 0 -16"><span class='ocrx_word' id='word_1_267' title='bbox 217 4461 360 4528; x_wconf 80' lang='lat' dir='ltr'><strong>poematia</strong></span> <span class='ocrx_word' id='word_1_268' title='bbox 373 4460 469 4512; x_wconf 76' lang='lat' dir='ltr'><strong>studio.</strong></span> <span class='ocrx_word' id='word_1_269' title='bbox 500 4461 608 4526; x_wconf 81' lang='lat' dir='ltr'><strong>proinde</strong></span> <span class='ocrx_word' id='word_1_270' title='bbox 623 4477 715 4514; x_wconf 86' lang='lat' dir='ltr'><strong>occurs</strong></span> <span class='ocrx_word' id='word_1_271' title='bbox 765 4458 946 4527; x_wconf 88' lang='lat' dir='ltr'><strong>unholyt</strong></span> <span class='ocrx_word' id='word_1_272' title='bbox 891 4460 967 4513; x_wconf 89' lang='lat' dir='ltr'><strong>lusts.</strong></span> <span class='ocrx_word' id='word_1_273' title='bbox 1002 4459 1063 4513; x_wconf 85' lang='lat' dir='ltr'><strong>Still</strong></span> <span class='ocrx_word' id='word_1_274' title='bbox 1084 4477 1124 4514; x_wconf 89' lang='lat' dir='ltr'><strong>we</strong></span> <span class='ocrx_word' id='word_1_275' title='bbox 1147 4477 1192 4512; x_wconf 87' lang='lat' dir='ltr'><strong>are</strong></span> <span class='ocrx_word' id='word_1_276' title='bbox 1212 4458 1262 4512; x_wconf 91' lang='lat' dir='ltr'><strong>bnt</strong></span> 
     </span>
     <span class='ocr_line' id='line_1_37' title="bbox 218 4543 967 4614; baseline 0.001 -17"><span class='ocrx_word' id='word_1_277' title='bbox 218 4545 373 4614; x_wconf 88' lang='lat' dir='ltr'><strong>repeatedly</strong></span> <span class='ocrx_word' id='word_1_278' title='bbox 390 4544 432 4598; x_wconf 90' lang='lat' dir='ltr'><strong>for</strong></span> <span class='ocrx_word' id='word_1_279' title='bbox 447 4547 560 4613; x_wconf 80' lang='lat' dir='ltr'><strong>perinde.</strong></span> <span class='ocrx_word' id='word_1_280' title='bbox 766 4547 844 4598; x_wconf 69' lang='lat' dir='ltr'><strong>cabod</strong></span> <span class='ocrx_word' id='word_1_281' title='bbox 861 4563 898 4610; x_wconf 87' lang='lat' dir='ltr'><strong>so,</strong></span> <span class='ocrx_word' id='word_1_282' title='bbox 918 4543 967 4598; x_wconf 85' lang='lat' dir='ltr'><strong>&amp;c</strong></span> 
     </span>
    </p>
   </div>
   <div class='ocr_carea' id='block_1_8' title="bbox 0 0 1660 5176">
    <p class='ocr_par' dir='ltr' id='par_1_11' title="bbox 0 0 1660 5176">
     <span class='ocr_line' id='line_1_38' title="bbox 0 0 1660 5176; baseline 0 0"><span class='ocrx_word' id='word_1_283' title='bbox 0 0 1660 5176; x_wconf 95' lang='lat' dir='ltr'><strong> </strong></span> 
     </span>
    </p>
   </div>
  </div>
 </body>
</html>
